[{"id":423831297,"price":"10683.02000000","qty":"0.01247400","quoteQty":"133.25999148","time":1601215442197,"isBuyerMaker":true,"isBestMatch":true},{"id":423831298,"price":"10682.56000000","qty":"0.01546800","quoteQty":"165.23783808","time":1601215442206,"isBuyerMaker":true,"isBestMatch":true},{"id":423831299,"price":"10682.44000000","qty":"0.00453200","quoteQty":"48.41281808","time":1601215442206,"isBuyerMaker":true,"isBestMatch":true},{"id":423831300,"price":"10682.44000000","qty":"0.02000000","quoteQty":"213.64880000","time":1601215442206,"isBuyerMaker":true,"isBestMatch":true},{"id":423831301,"price":"10682.44000000","qty":"0.07546800","quoteQty":"806.18238192","time":1601215442207,"isBuyerMaker":true,"isBestMatch":true},{"id":423831302,"price":"10681.74000000","qty":"0.01549100","quoteQty":"165.47083434","time":1601215442226,"isBuyerMaker":true,"isBestMatch":true},{"id":423831303,"price":"10681.34000000","qty":"0.01555000","quoteQty":"166.09483700","time":1601215442226,"isBuyerMaker":true,"isBestMatch":true},{"id":423831304,"price":"10680.88000000","qty":"0.01556900","quoteQty":"166.29062072","time":1601215442226,"isBuyerMaker":true,"isBestMatch":true},{"id":423831305,"price":"10680.84000000","qty":"0.09360200","quoteQty":"999.74798568","time":1601215442226,"isBuyerMaker":true,"isBestMatch":true},{"id":423831306,"price":"10680.53000000","qty":"0.03178800","quoteQty":"339.51268764","time":1601215442226,"isBuyerMaker":true,"isBestMatch":true},{"id":423831307,"price":"10681.35000000","qty":"0.19950000","quoteQty":"2130.92932500","time":1601215442244,"isBuyerMaker":false,"isBestMatch":true},{"id":423831308,"price":"10681.35000000","qty":"0.15561100","quoteQty":"1662.13555485","time":1601215442244,"isBuyerMaker":false,"isBestMatch":true},{"id":423831309,"price":"10681.35000000","qty":"0.00476400","quoteQty":"50.88595140","time":1601215442244,"isBuyerMaker":false,"isBestMatch":true},{"id":423831310,"price":"10681.11000000","qty":"0.00346100","quoteQty":"36.96732171","time":1601215442351,"isBuyerMaker":false,"isBestMatch":true},{"id":423831311,"price":"10681.10000000","qty":"0.01271900","quoteQty":"135.85291090","time":1601215442387,"isBuyerMaker":true,"isBestMatch":true},{"id":423831312,"price":"10681.11000000","qty":"0.08047100","quoteQty":"859.51960281","time":1601215442444,"isBuyerMaker":false,"isBestMatch":true},{"id":423831313,"price":"10681.11000000","qty":"0.01561600","quoteQty":"166.79621376","time":1601215442460,"isBuyerMaker":false,"isBestMatch":true},{"id":423831314,"price":"10681.11000000","qty":"2.60045200","quoteQty":"27775.71386172","time":1601215443108,"isBuyerMaker":false,"isBestMatch":true},{"id":423831315,"price":"10681.11000000","qty":"0.00122700","quoteQty":"13.10572197","time":1601215443108,"isBuyerMaker":false,"isBestMatch":true},{"id":423831316,"price":"10681.11000000","qty":"2.00000000","quoteQty":"21362.22000000","time":1601215443108,"isBuyerMaker":false,"isBestMatch":true},{"id":423831317,"price":"10681.35000000","qty":"0.01520700","quoteQty":"162.43128945","time":1601215443108,"isBuyerMaker":false,"isBestMatch":true},{"id":423831318,"price":"10681.64000000","qty":"0.01528700","quoteQty":"163.29023068","time":1601215443108,"isBuyerMaker":false,"isBestMatch":true},{"id":423831319,"price":"10682.86000000","qty":"3.17683400","quoteQty":"33937.67286524","time":1601215443108,"isBuyerMaker":false,"isBestMatch":true},{"id":423831320,"price":"10682.88000000","qty":"0.01520700","quoteQty":"162.45455616","time":1601215443108,"isBuyerMaker":false,"isBestMatch":true},{"id":423831321,"price":"10683.10000000","qty":"0.74800000","quoteQty":"7990.95880000","time":1601215443108,"isBuyerMaker":false,"isBestMatch":true},{"id":423831322,"price":"10683.18000000","qty":"0.42778600","quoteQty":"4570.11483948","time":1601215443108,"isBuyerMaker":false,"isBestMatch":true},{"id":423831323,"price":"10681.60000000","qty":"0.00732000","quoteQty":"78.18931200","time":1601215443546,"isBuyerMaker":true,"isBestMatch":true},{"id":423831324,"price":"10681.60000000","qty":"0.06007400","quoteQty":"641.68643840","time":1601215444025,"isBuyerMaker":true,"isBestMatch":true},{"id":423831325,"price":"10681.61000000","qty":"0.01532300","quoteQty":"163.67431003","time":1601215444403,"isBuyerMaker":false,"isBestMatch":true},{"id":423831326,"price":"10681.61000000","qty":"0.01532300","quoteQty":"163.67431003","time":1601215444403,"isBuyerMaker":false,"isBestMatch":true},{"id":423831327,"price":"10681.61000000","qty":"0.01367100","quoteQty":"146.02829031","time":1601215444403,"isBuyerMaker":false,"isBestMatch":true},{"id":423831328,"price":"10681.96000000","qty":"0.00936300","quoteQty":"100.01519148","time":1601215445365,"isBuyerMaker":true,"isBestMatch":true},{"id":423831329,"price":"10681.96000000","qty":"0.00592200","quoteQty":"63.25856712","time":1601215445378,"isBuyerMaker":true,"isBestMatch":true},{"id":423831330,"price":"10681.87000000","qty":"0.01250000","quoteQty":"133.52337500","time":1601215445594,"isBuyerMaker":true,"isBestMatch":true},{"id":423831331,"price":"10681.87000000","qty":"0.00282300","quoteQty":"30.15491901","time":1601215445739,"isBuyerMaker":true,"isBestMatch":true},{"id":423831332,"price":"10681.60000000","qty":"0.01016400","quoteQty":"108.56778240","time":1601215445739,"isBuyerMaker":true,"isBestMatch":true},{"id":423831333,"price":"10681.74000000","qty":"0.01524600","quoteQty":"162.85380804","time":1601215446161,"isBuyerMaker":true,"isBestMatch":true},{"id":423831334,"price":"10681.60000000","qty":"0.04485700","quoteQty":"479.14453120","time":1601215446161,"isBuyerMaker":true,"isBestMatch":true},{"id":423831335,"price":"10681.68000000","qty":"0.01524600","quoteQty":"162.85289328","time":1601215446974,"isBuyerMaker":false,"isBestMatch":true},{"id":423831336,"price":"10681.68000000","qty":"0.01444900","quoteQty":"154.33959432","time":1601215446974,"isBuyerMaker":false,"isBestMatch":true},{"id":423831337,"price":"10681.67000000","qty":"0.00103900","quoteQty":"11.09825513","time":1601215447011,"isBuyerMaker":true,"isBestMatch":true},{"id":423831338,"price":"10681.67000000","qty":"0.00839500","quoteQty":"89.67261965","time":1601215447459,"isBuyerMaker":true,"isBestMatch":true},{"id":423831339,"price":"10681.67000000","qty":"0.00581200","quoteQty":"62.08186604","time":1601215447593,"isBuyerMaker":true,"isBestMatch":true},{"id":423831340,"price":"10681.67000000","qty":"0.00668800","quoteQty":"71.43900896","time":1601215447593,"isBuyerMaker":true,"isBestMatch":true},{"id":423831341,"price":"10681.68000000","qty":"0.00149400","quoteQty":"15.95842992","time":1601215447803,"isBuyerMaker":false,"isBestMatch":true},{"id":423831342,"price":"10681.68000000","qty":"0.01544700","quoteQty":"164.99991096","time":1601215448172,"isBuyerMaker":false,"isBestMatch":true},{"id":423831343,"price":"10681.67000000","qty":"0.06035600","quoteQty":"644.70287452","time":1601215448312,"isBuyerMaker":true,"isBestMatch":true},{"id":423831344,"price":"10681.67000000","qty":"0.00567200","quoteQty":"60.58643224","time":1601215448597,"isBuyerMaker":true,"isBestMatch":true},{"id":423831345,"price":"10681.67000000","qty":"0.09432800","quoteQty":"1007.58056776","time":1601215448876,"isBuyerMaker":true,"isBestMatch":true},{"id":423831346,"price":"10681.67000000","qty":"0.00999700","quoteQty":"106.78465499","time":1601215448876,"isBuyerMaker":true,"isBestMatch":true},{"id":423831347,"price":"10681.67000000","qty":"0.00000300","quoteQty":"0.03204501","time":1601215449108,"isBuyerMaker":true,"isBestMatch":true},{"id":423831348,"price":"10681.44000000","qty":"0.00100000","quoteQty":"10.68144000","time":1601215449177,"isBuyerMaker":true,"isBestMatch":true},{"id":423831349,"price":"10681.44000000","qty":"0.01250000","quoteQty":"133.51800000","time":1601215449613,"isBuyerMaker":true,"isBestMatch":true},{"id":423831350,"price":"10681.45000000","qty":"0.05608500","quoteQty":"599.06912325","time":1601215449938,"isBuyerMaker":false,"isBestMatch":true},{"id":423831351,"price":"10681.56000000","qty":"0.01528500","quoteQty":"163.26764460","time":1601215449938,"isBuyerMaker":false,"isBestMatch":true},{"id":423831352,"price":"10681.66000000","qty":"0.00577700","quoteQty":"61.70794982","time":1601215450440,"isBuyerMaker":true,"isBestMatch":true},{"id":423831353,"price":"10681.66000000","qty":"0.05426700","quoteQty":"579.66164322","time":1601215450440,"isBuyerMaker":true,"isBestMatch":true},{"id":423831354,"price":"10681.67000000","qty":"0.00129100","quoteQty":"13.79003597","time":1601215451449,"isBuyerMaker":false,"isBestMatch":true},{"id":423831355,"price":"10681.67000000","qty":"0.00500000","quoteQty":"53.40835000","time":1601215451449,"isBuyerMaker":false,"isBestMatch":true},{"id":423831356,"price":"10681.75000000","qty":"0.01524600","quoteQty":"162.85396050","time":1601215451449,"isBuyerMaker":false,"isBestMatch":true},{"id":423831357,"price":"10681.89000000","qty":"0.03511300","quoteQty":"375.07320357","time":1601215451449,"isBuyerMaker":false,"isBestMatch":true},{"id":423831358,"price":"10681.78000000","qty":"0.00800000","quoteQty":"85.45424000","time":1601215451694,"isBuyerMaker":false,"isBestMatch":true},{"id":423831359,"price":"10681.77000000","qty":"0.01530400","quoteQty":"163.47380808","time":1601215452564,"isBuyerMaker":true,"isBestMatch":true},{"id":423831360,"price":"10681.77000000","qty":"0.04484500","quoteQty":"479.02397565","time":1601215452564,"isBuyerMaker":true,"isBestMatch":true},{"id":423831361,"price":"10681.78000000","qty":"0.00730400","quoteQty":"78.01972112","time":1601215452672,"isBuyerMaker":false,"isBestMatch":true},{"id":423831362,"price":"10681.78000000","qty":"0.02572300","quoteQty":"274.76742694","time":1601215452672,"isBuyerMaker":false,"isBestMatch":true},{"id":423831363,"price":"10681.78000000","qty":"0.00195000","quoteQty":"20.82947100","time":1601215453421,"isBuyerMaker":false,"isBestMatch":true},{"id":423831364,"price":"10681.78000000","qty":"0.03409800","quoteQty":"364.22733444","time":1601215454228,"isBuyerMaker":false,"isBestMatch":true},{"id":423831365,"price":"10681.77000000","qty":"0.02030600","quoteQty":"216.90402162","time":1601215454259,"isBuyerMaker":true,"isBestMatch":true},{"id":423831366,"price":"10681.77000000","qty":"0.01055200","quoteQty":"112.71403704","time":1601215454259,"isBuyerMaker":true,"isBestMatch":true},{"id":423831367,"price":"10681.78000000","qty":"0.03404300","quoteQty":"363.63983654","time":1601215454304,"isBuyerMaker":false,"isBestMatch":true},{"id":423831368,"price":"10681.77000000","qty":"0.06002500","quoteQty":"641.17324425","time":1601215454711,"isBuyerMaker":true,"isBestMatch":true},{"id":423831369,"price":"10681.78000000","qty":"0.00418300","quoteQty":"44.68188574","time":1601215455089,"isBuyerMaker":false,"isBestMatch":true},{"id":423831370,"price":"10681.77000000","qty":"0.01200000","quoteQty":"128.18124000","time":1601215455758,"isBuyerMaker":true,"isBestMatch":true},{"id":423831371,"price":"10681.77000000","qty":"0.00340500","quoteQty":"36.37142685","time":1601215455922,"isBuyerMaker":true,"isBestMatch":true},{"id":423831372,"price":"10681.77000000","qty":"0.00140300","quoteQty":"14.98652331","time":1601215456645,"isBuyerMaker":true,"isBestMatch":true},{"id":423831373,"price":"10681.77000000","qty":"0.06001900","quoteQty":"641.10915363","time":1601215456854,"isBuyerMaker":true,"isBestMatch":true},{"id":423831374,"price":"10681.78000000","qty":"0.00000300","quoteQty":"0.03204534","time":1601215457261,"isBuyerMaker":false,"isBestMatch":true},{"id":423831375,"price":"10681.79000000","qty":"0.01500000","quoteQty":"160.22685000","time":1601215457306,"isBuyerMaker":false,"isBestMatch":true},{"id":423831376,"price":"10681.97000000","qty":"0.01528400","quoteQty":"163.26322948","time":1601215457395,"isBuyerMaker":false,"isBestMatch":true},{"id":423831377,"price":"10681.97000000","qty":"0.00000100","quoteQty":"0.01068197","time":1601215458039,"isBuyerMaker":false,"isBestMatch":true},{"id":423831378,"price":"10681.97000000","qty":"0.01529000","quoteQty":"163.32732130","time":1601215458039,"isBuyerMaker":false,"isBestMatch":true},{"id":423831379,"price":"10681.96000000","qty":"0.06013100","quoteQty":"642.31693676","time":1601215458990,"isBuyerMaker":true,"isBestMatch":true},{"id":423831380,"price":"10681.96000000","qty":"0.00107900","quoteQty":"11.52583484","time":1601215459403,"isBuyerMaker":true,"isBestMatch":true},{"id":423831381,"price":"10681.96000000","qty":"0.06002000","quoteQty":"641.13123920","time":1601215461126,"isBuyerMaker":true,"isBestMatch":true},{"id":423831382,"price":"10681.97000000","qty":"0.00001100","quoteQty":"0.11750167","time":1601215461130,"isBuyerMaker":false,"isBestMatch":true},{"id":423831383,"price":"10681.98000000","qty":"0.01500000","quoteQty":"160.22970000","time":1601215461130,"isBuyerMaker":false,"isBestMatch":true},{"id":423831384,"price":"10681.98000000","qty":"0.01500000","quoteQty":"160.22970000","time":1601215461130,"isBuyerMaker":false,"isBestMatch":true},{"id":423831385,"price":"10682.10000000","qty":"0.01532300","quoteQty":"163.68181830","time":1601215461130,"isBuyerMaker":false,"isBestMatch":true},{"id":423831386,"price":"10682.15000000","qty":"0.01520700","quoteQty":"162.44345505","time":1601215461130,"isBuyerMaker":false,"isBestMatch":true},{"id":423831387,"price":"10682.45000000","qty":"0.13401800","quoteQty":"1431.64058410","time":1601215461130,"isBuyerMaker":false,"isBestMatch":true},{"id":423831388,"price":"10682.67000000","qty":"0.00474900","quoteQty":"50.73199983","time":1601215461203,"isBuyerMaker":false,"isBestMatch":true},{"id":423831389,"price":"10682.66000000","qty":"0.00461300","quoteQty":"49.27911058","time":1601215461581,"isBuyerMaker":true,"isBestMatch":true},{"id":423831390,"price":"10682.66000000","qty":"0.01510500","quoteQty":"161.36157930","time":1601215462949,"isBuyerMaker":true,"isBestMatch":true},{"id":423831391,"price":"10682.66000000","qty":"0.06953800","quoteQty":"742.85081108","time":1601215462949,"isBuyerMaker":true,"isBestMatch":true},{"id":423831392,"price":"10682.22000000","qty":"0.06008300","quoteQty":"641.81982426","time":1601215463214,"isBuyerMaker":true,"isBestMatch":true},{"id":423831393,"price":"10682.23000000","qty":"0.01512600","quoteQty":"161.57941098","time":1601215463667,"isBuyerMaker":false,"isBestMatch":true},{"id":423831394,"price":"10682.23000000","qty":"0.00388900","quoteQty":"41.54319247","time":1601215463930,"isBuyerMaker":false,"isBestMatch":true},{"id":423831395,"price":"10682.22000000","qty":"0.01524400","quoteQty":"162.83976168","time":1601215465304,"isBuyerMaker":true,"isBestMatch":true},{"id":423831396,"price":"10682.21000000","qty":"0.01528200","quoteQty":"163.24553322","time":1601215465304,"isBuyerMaker":true,"isBestMatch":true},{"id":423831397,"price":"10681.93000000","qty":"0.00820000","quoteQty":"87.59182600","time":1601215465304,"isBuyerMaker":true,"isBestMatch":true},{"id":423831398,"price":"10681.87000000","qty":"0.01530100","quoteQty":"163.44329287","time":1601215465304,"isBuyerMaker":true,"isBestMatch":true},{"id":423831399,"price":"10681.78000000","qty":"0.00119500","quoteQty":"12.76472710","time":1601215465304,"isBuyerMaker":true,"isBestMatch":true},{"id":423831400,"price":"10681.78000000","qty":"0.00485600","quoteQty":"51.87072368","time":1601215465304,"isBuyerMaker":true,"isBestMatch":true},{"id":423831401,"price":"10681.79000000","qty":"0.01817300","quoteQty":"194.12016967","time":1601215465555,"isBuyerMaker":false,"isBestMatch":true},{"id":423831402,"price":"10681.79000000","qty":"0.00093600","quoteQty":"9.99815544","time":1601215466495,"isBuyerMaker":false,"isBestMatch":true},{"id":423831403,"price":"10681.78000000","qty":"0.03158400","quoteQty":"337.37333952","time":1601215467455,"isBuyerMaker":true,"isBestMatch":true},{"id":423831404,"price":"10681.78000000","qty":"0.01520600","quoteQty":"162.42714668","time":1601215467455,"isBuyerMaker":true,"isBestMatch":true},{"id":423831405,"price":"10681.78000000","qty":"0.01323300","quoteQty":"141.35199474","time":1601215467455,"isBuyerMaker":true,"isBestMatch":true},{"id":423831406,"price":"10681.68000000","qty":"0.00112800","quoteQty":"12.04893504","time":1601215467616,"isBuyerMaker":false,"isBestMatch":true},{"id":423831407,"price":"10681.68000000","qty":"0.01407800","quoteQty":"150.37669104","time":1601215468255,"isBuyerMaker":false,"isBestMatch":true},{"id":423831408,"price":"10681.68000000","qty":"0.06083600","quoteQty":"649.83068448","time":1601215468255,"isBuyerMaker":false,"isBestMatch":true},{"id":423831409,"price":"10681.67000000","qty":"0.01520600","quoteQty":"162.42547402","time":1601215469631,"isBuyerMaker":true,"isBestMatch":true},{"id":423831410,"price":"10681.67000000","qty":"0.04482200","quoteQty":"478.77381274","time":1601215469631,"isBuyerMaker":true,"isBestMatch":true},{"id":423831411,"price":"10681.67000000","qty":"0.03744700","quoteQty":"399.99649649","time":1601215469876,"isBuyerMaker":false,"isBestMatch":true},{"id":423831412,"price":"10681.62000000","qty":"0.00189600","quoteQty":"20.25235152","time":1601215469995,"isBuyerMaker":true,"isBestMatch":true},{"id":423831413,"price":"10681.59000000","qty":"0.00324900","quoteQty":"34.70448591","time":1601215471432,"isBuyerMaker":false,"isBestMatch":true},{"id":423831414,"price":"10681.58000000","qty":"0.00182200","quoteQty":"19.46183876","time":1601215471544,"isBuyerMaker":true,"isBestMatch":true},{"id":423831415,"price":"10681.58000000","qty":"0.09627500","quoteQty":"1028.36911450","time":1601215471544,"isBuyerMaker":true,"isBestMatch":true},{"id":423831416,"price":"10681.58000000","qty":"0.06005000","quoteQty":"641.42887900","time":1601215471791,"isBuyerMaker":true,"isBestMatch":true},{"id":423831417,"price":"10681.59000000","qty":"0.02000000","quoteQty":"213.63180000","time":1601215473559,"isBuyerMaker":false,"isBestMatch":true},{"id":423831418,"price":"10681.59000000","qty":"0.01111200","quoteQty":"118.69382808","time":1601215473559,"isBuyerMaker":false,"isBestMatch":true},{"id":423831419,"price":"10681.59000000","qty":"0.15624400","quoteQty":"1668.93434796","time":1601215473717,"isBuyerMaker":false,"isBestMatch":true},{"id":423831420,"price":"10681.58000000","qty":"0.06013100","quoteQty":"642.29408698","time":1601215473830,"isBuyerMaker":true,"isBestMatch":true},{"id":423831421,"price":"10681.59000000","qty":"0.01981400","quoteQty":"211.64502426","time":1601215474298,"isBuyerMaker":false,"isBestMatch":true},{"id":423831422,"price":"10681.59000000","qty":"0.01981400","quoteQty":"211.64502426","time":1601215474403,"isBuyerMaker":false,"isBestMatch":true},{"id":423831423,"price":"10681.59000000","qty":"0.01089800","quoteQty":"116.40796782","time":1601215474505,"isBuyerMaker":false,"isBestMatch":true},{"id":423831424,"price":"10682.00000000","qty":"0.00229600","quoteQty":"24.52587200","time":1601215475205,"isBuyerMaker":true,"isBestMatch":true},{"id":423831425,"price":"10682.01000000","qty":"0.00402700","quoteQty":"43.01645427","time":1601215475240,"isBuyerMaker":false,"isBestMatch":true},{"id":423831426,"price":"10682.00000000","qty":"0.00106200","quoteQty":"11.34428400","time":1601215475820,"isBuyerMaker":true,"isBestMatch":true},{"id":423831427,"price":"10682.00000000","qty":"0.06025700","quoteQty":"643.66527400","time":1601215475936,"isBuyerMaker":true,"isBestMatch":true},{"id":423831428,"price":"10682.01000000","qty":"0.01117900","quoteQty":"119.41418979","time":1601215476390,"isBuyerMaker":false,"isBestMatch":true},{"id":423831429,"price":"10682.01000000","qty":"0.02590600","quoteQty":"276.72815106","time":1601215476390,"isBuyerMaker":false,"isBestMatch":true},{"id":423831430,"price":"10682.01000000","qty":"0.01928500","quoteQty":"206.00256285","time":1601215476502,"isBuyerMaker":false,"isBestMatch":true},{"id":423831431,"price":"10682.01000000","qty":"0.01112900","quoteQty":"118.88008929","time":1601215476615,"isBuyerMaker":false,"isBestMatch":true},{"id":423831432,"price":"10682.00000000","qty":"0.00627500","quoteQty":"67.02955000","time":1601215477494,"isBuyerMaker":true,"isBestMatch":true},{"id":423831433,"price":"10682.00000000","qty":"0.06010000","quoteQty":"641.98820000","time":1601215478067,"isBuyerMaker":true,"isBestMatch":true},{"id":423831434,"price":"10682.01000000","qty":"0.00149700","quoteQty":"15.99096897","time":1601215479071,"isBuyerMaker":false,"isBestMatch":true},{"id":423831435,"price":"10682.01000000","qty":"0.88648900","quoteQty":"9469.48436289","time":1601215479269,"isBuyerMaker":false,"isBestMatch":true},{"id":423831436,"price":"10682.01000000","qty":"0.12801400","quoteQty":"1367.44682814","time":1601215479646,"isBuyerMaker":false,"isBestMatch":true},{"id":423831437,"price":"10682.01000000","qty":"0.01525600","quoteQty":"162.96474456","time":1601215479646,"isBuyerMaker":false,"isBestMatch":true},{"id":423831438,"price":"10682.00000000","qty":"0.02943400","quoteQty":"314.41398800","time":1601215480159,"isBuyerMaker":true,"isBestMatch":true},{"id":423831439,"price":"10682.00000000","qty":"0.04007600","quoteQty":"428.09183200","time":1601215480187,"isBuyerMaker":true,"isBestMatch":true},{"id":423831440,"price":"10682.00000000","qty":"0.01995500","quoteQty":"213.15931000","time":1601215480187,"isBuyerMaker":true,"isBestMatch":true},{"id":423831441,"price":"10682.01000000","qty":"0.00000700","quoteQty":"0.07477407","time":1601215481955,"isBuyerMaker":false,"isBestMatch":true},{"id":423831442,"price":"10682.01000000","qty":"0.00642700","quoteQty":"68.65327827","time":1601215481955,"isBuyerMaker":false,"isBestMatch":true},{"id":423831443,"price":"10682.00000000","qty":"0.00310100","quoteQty":"33.12488200","time":1601215482077,"isBuyerMaker":true,"isBestMatch":true},{"id":423831444,"price":"10682.00000000","qty":"0.06003200","quoteQty":"641.26182400","time":1601215482314,"isBuyerMaker":true,"isBestMatch":true},{"id":423831445,"price":"10682.01000000","qty":"0.00000300","quoteQty":"0.03204603","time":1601215483201,"isBuyerMaker":false,"isBestMatch":true},{"id":423831446,"price":"10682.02000000","qty":"0.01500000","quoteQty":"160.23030000","time":1601215483201,"isBuyerMaker":false,"isBestMatch":true},{"id":423831447,"price":"10682.54000000","qty":"0.01524400","quoteQty":"162.84463976","time":1601215483201,"isBuyerMaker":false,"isBestMatch":true},{"id":423831448,"price":"10682.67000000","qty":"0.09525100","quoteQty":"1017.53500017","time":1601215483201,"isBuyerMaker":false,"isBestMatch":true},{"id":423831449,"price":"10682.67000000","qty":"0.01000000","quoteQty":"106.82670000","time":1601215483201,"isBuyerMaker":false,"isBestMatch":true},{"id":423831450,"price":"10682.67000000","qty":"0.01528200","quoteQty":"163.25256294","time":1601215483201,"isBuyerMaker":false,"isBestMatch":true},{"id":423831451,"price":"10682.85000000","qty":"0.00899400","quoteQty":"96.08155290","time":1601215483201,"isBuyerMaker":false,"isBestMatch":true},{"id":423831452,"price":"10683.00000000","qty":"0.01765900","quoteQty":"188.65109700","time":1601215483201,"isBuyerMaker":false,"isBestMatch":true},{"id":423831453,"price":"10683.17000000","qty":"0.00187100","quoteQty":"19.98821107","time":1601215483201,"isBuyerMaker":false,"isBestMatch":true},{"id":423831454,"price":"10683.41000000","qty":"0.01516900","quoteQty":"162.05664629","time":1601215483201,"isBuyerMaker":false,"isBestMatch":true},{"id":423831455,"price":"10684.05000000","qty":"0.01552700","quoteQty":"165.89124435","time":1601215483201,"isBuyerMaker":false,"isBestMatch":true},{"id":423831456,"price":"10683.02000000","qty":"0.01528200","quoteQty":"163.25791164","time":1601215483651,"isBuyerMaker":true,"isBestMatch":true},{"id":423831457,"price":"10683.02000000","qty":"0.02000000","quoteQty":"213.66040000","time":1601215483651,"isBuyerMaker":true,"isBestMatch":true},{"id":423831458,"price":"10683.02000000","qty":"0.01000000","quoteQty":"106.83020000","time":1601215483651,"isBuyerMaker":true,"isBestMatch":true},{"id":423831459,"price":"10682.86000000","qty":"0.00984600","quoteQty":"105.18343956","time":1601215483651,"isBuyerMaker":true,"isBestMatch":true},{"id":423831460,"price":"10682.94000000","qty":"0.01524400","quoteQty":"162.85073736","time":1601215483665,"isBuyerMaker":true,"isBestMatch":true},{"id":423831461,"price":"10682.82000000","qty":"0.07360100","quoteQty":"786.26623482","time":1601215483774,"isBuyerMaker":false,"isBestMatch":true},{"id":423831462,"price":"10682.44000000","qty":"0.01037300","quoteQty":"110.80895012","time":1601215483987,"isBuyerMaker":false,"isBestMatch":true},{"id":423831463,"price":"10682.44000000","qty":"0.14539300","quoteQty":"1553.15199892","time":1601215484035,"isBuyerMaker":false,"isBestMatch":true},{"id":423831464,"price":"10682.43000000","qty":"0.00108600","quoteQty":"11.60111898","time":1601215484039,"isBuyerMaker":true,"isBestMatch":true},{"id":423831465,"price":"10682.43000000","qty":"0.01348100","quoteQty":"144.00983883","time":1601215484100,"isBuyerMaker":true,"isBestMatch":true},{"id":423831466,"price":"10682.43000000","qty":"0.07245800","quoteQty":"774.02751294","time":1601215484100,"isBuyerMaker":true,"isBestMatch":true},{"id":423831467,"price":"10682.43000000","qty":"0.06018900","quoteQty":"642.96477927","time":1601215484388,"isBuyerMaker":true,"isBestMatch":true},{"id":423831468,"price":"10682.43000000","qty":"0.03819700","quoteQty":"408.03677871","time":1601215484522,"isBuyerMaker":true,"isBestMatch":true},{"id":423831469,"price":"10682.43000000","qty":"0.03819700","quoteQty":"408.03677871","time":1601215484627,"isBuyerMaker":true,"isBestMatch":true},{"id":423831470,"price":"10682.43000000","qty":"0.03819700","quoteQty":"408.03677871","time":1601215484937,"isBuyerMaker":true,"isBestMatch":true},{"id":423831471,"price":"10682.43000000","qty":"0.03819700","quoteQty":"408.03677871","time":1601215485047,"isBuyerMaker":true,"isBestMatch":true},{"id":423831472,"price":"10682.43000000","qty":"0.03819700","quoteQty":"408.03677871","time":1601215485254,"isBuyerMaker":true,"isBestMatch":true},{"id":423831473,"price":"10682.43000000","qty":"0.03819700","quoteQty":"408.03677871","time":1601215485889,"isBuyerMaker":true,"isBestMatch":true},{"id":423831474,"price":"10682.44000000","qty":"0.01518700","quoteQty":"162.23421628","time":1601215486103,"isBuyerMaker":false,"isBestMatch":true},{"id":423831475,"price":"10682.44000000","qty":"0.01364100","quoteQty":"145.71916404","time":1601215486103,"isBuyerMaker":false,"isBestMatch":true},{"id":423831476,"price":"10682.43000000","qty":"0.03819700","quoteQty":"408.03677871","time":1601215486318,"isBuyerMaker":true,"isBestMatch":true},{"id":423831477,"price":"10682.43000000","qty":"0.03819700","quoteQty":"408.03677871","time":1601215486425,"isBuyerMaker":true,"isBestMatch":true},{"id":423831478,"price":"10682.44000000","qty":"0.04888200","quoteQty":"522.17903208","time":1601215486446,"isBuyerMaker":false,"isBestMatch":true},{"id":423831479,"price":"10682.43000000","qty":"0.06027200","quoteQty":"643.85142096","time":1601215486455,"isBuyerMaker":true,"isBestMatch":true},{"id":423831480,"price":"10682.43000000","qty":"0.00977400","quoteQty":"104.41007082","time":1601215486533,"isBuyerMaker":true,"isBestMatch":true},{"id":423831481,"price":"10682.43000000","qty":"0.05658400","quoteQty":"604.45461912","time":1601215486955,"isBuyerMaker":true,"isBestMatch":true},{"id":423831482,"price":"10682.43000000","qty":"0.00323500","quoteQty":"34.55766105","time":1601215487684,"isBuyerMaker":true,"isBestMatch":true},{"id":423831483,"price":"10682.43000000","qty":"0.06004100","quoteQty":"641.38377963","time":1601215488526,"isBuyerMaker":true,"isBestMatch":true},{"id":423831484,"price":"10682.43000000","qty":"0.00103400","quoteQty":"11.04563262","time":1601215488989,"isBuyerMaker":true,"isBestMatch":true},{"id":423831485,"price":"10682.43000000","qty":"0.06000600","quoteQty":"641.00989458","time":1601215490578,"isBuyerMaker":true,"isBestMatch":true},{"id":423831486,"price":"10682.43000000","qty":"0.00094000","quoteQty":"10.04148420","time":1601215490861,"isBuyerMaker":true,"isBestMatch":true},{"id":423831487,"price":"10682.44000000","qty":"0.53967900","quoteQty":"5765.08853676","time":1601215490953,"isBuyerMaker":false,"isBestMatch":true},{"id":423831488,"price":"10682.44000000","qty":"0.26592600","quoteQty":"2840.73853944","time":1601215491057,"isBuyerMaker":false,"isBestMatch":true},{"id":423831489,"price":"10682.44000000","qty":"0.17283900","quoteQty":"1846.34224716","time":1601215491513,"isBuyerMaker":false,"isBestMatch":true},{"id":423831490,"price":"10682.44000000","qty":"0.00103400","quoteQty":"11.04564296","time":1601215492236,"isBuyerMaker":false,"isBestMatch":true},{"id":423831491,"price":"10682.44000000","qty":"0.06002800","quoteQty":"641.24550832","time":1601215492746,"isBuyerMaker":true,"isBestMatch":true},{"id":423831492,"price":"10682.36000000","qty":"0.01518700","quoteQty":"162.23300132","time":1601215494798,"isBuyerMaker":true,"isBestMatch":true},{"id":423831493,"price":"10682.36000000","qty":"0.04483700","quoteQty":"478.96497532","time":1601215494798,"isBuyerMaker":true,"isBestMatch":true},{"id":423831494,"price":"10682.36000000","qty":"0.05514500","quoteQty":"589.07874220","time":1601215495106,"isBuyerMaker":true,"isBestMatch":true},{"id":423831495,"price":"10682.36000000","qty":"0.00001800","quoteQty":"0.19228248","time":1601215496863,"isBuyerMaker":true,"isBestMatch":true},{"id":423831496,"price":"10682.28000000","qty":"0.01518700","quoteQty":"162.23178636","time":1601215496863,"isBuyerMaker":true,"isBestMatch":true},{"id":423831497,"price":"10682.01000000","qty":"0.00187100","quoteQty":"19.98604071","time":1601215496863,"isBuyerMaker":true,"isBestMatch":true},{"id":423831498,"price":"10681.79000000","qty":"0.01526300","quoteQty":"163.03616077","time":1601215496863,"isBuyerMaker":true,"isBestMatch":true},{"id":423831499,"price":"10681.79000000","qty":"0.02766400","quoteQty":"295.50103856","time":1601215496863,"isBuyerMaker":true,"isBestMatch":true},{"id":423831500,"price":"10682.08000000","qty":"0.01518400","quoteQty":"162.19670272","time":1601215496985,"isBuyerMaker":true,"isBestMatch":true},{"id":423831501,"price":"10682.08000000","qty":"0.00000300","quoteQty":"0.03204624","time":1601215497211,"isBuyerMaker":true,"isBestMatch":true},{"id":423831502,"price":"10682.08000000","qty":"0.04142300","quoteQty":"442.48379984","time":1601215497211,"isBuyerMaker":true,"isBestMatch":true},{"id":423831503,"price":"10681.94000000","qty":"0.01522500","quoteQty":"162.63253650","time":1601215497302,"isBuyerMaker":true,"isBestMatch":true},{"id":423831504,"price":"10681.79000000","qty":"0.00523700","quoteQty":"55.94053423","time":1601215497302,"isBuyerMaker":true,"isBestMatch":true},{"id":423831505,"price":"10681.55000000","qty":"0.01074300","quoteQty":"114.75189165","time":1601215497302,"isBuyerMaker":true,"isBestMatch":true},{"id":423831506,"price":"10681.56000000","qty":"0.41022100","quoteQty":"4381.80022476","time":1601215497944,"isBuyerMaker":false,"isBestMatch":true},{"id":423831507,"price":"10681.55000000","qty":"0.00125900","quoteQty":"13.44807145","time":1601215498316,"isBuyerMaker":true,"isBestMatch":true},{"id":423831508,"price":"10681.56000000","qty":"0.62831600","quoteQty":"6711.39505296","time":1601215498586,"isBuyerMaker":false,"isBestMatch":true},{"id":423831509,"price":"10681.55000000","qty":"0.06003900","quoteQty":"641.30958045","time":1601215499046,"isBuyerMaker":true,"isBestMatch":true},{"id":423831510,"price":"10681.56000000","qty":"0.19472600","quoteQty":"2079.97745256","time":1601215499237,"isBuyerMaker":false,"isBestMatch":true},{"id":423831511,"price":"10681.55000000","qty":"0.01728100","quoteQty":"184.58786555","time":1601215499299,"isBuyerMaker":true,"isBestMatch":true},{"id":423831512,"price":"10681.55000000","qty":"0.33213200","quoteQty":"3547.68456460","time":1601215499299,"isBuyerMaker":true,"isBestMatch":true},{"id":423831513,"price":"10681.56000000","qty":"0.00114100","quoteQty":"12.18765996","time":1601215499398,"isBuyerMaker":false,"isBestMatch":true},{"id":423831514,"price":"10681.56000000","qty":"0.00109700","quoteQty":"11.71767132","time":1601215500447,"isBuyerMaker":false,"isBestMatch":true},{"id":423831515,"price":"10681.55000000","qty":"0.05630300","quoteQty":"601.40330965","time":1601215501060,"isBuyerMaker":true,"isBestMatch":true},{"id":423831516,"price":"10681.55000000","qty":"0.06004600","quoteQty":"641.38435130","time":1601215501221,"isBuyerMaker":true,"isBestMatch":true},{"id":423831517,"price":"10681.56000000","qty":"0.00385800","quoteQty":"41.20945848","time":1601215501280,"isBuyerMaker":false,"isBestMatch":true},{"id":423831518,"price":"10681.56000000","qty":"0.00578800","quoteQty":"61.82486928","time":1601215501479,"isBuyerMaker":false,"isBestMatch":true},{"id":423831519,"price":"10681.95000000","qty":"0.01522500","quoteQty":"162.63268875","time":1601215501479,"isBuyerMaker":false,"isBestMatch":true},{"id":423831520,"price":"10682.00000000","qty":"0.01058400","quoteQty":"113.05828800","time":1601215501479,"isBuyerMaker":false,"isBestMatch":true},{"id":423831521,"price":"10681.78000000","qty":"0.01522500","quoteQty":"162.63010050","time":1601215501491,"isBuyerMaker":false,"isBestMatch":true},{"id":423831522,"price":"10681.99000000","qty":"0.05999700","quoteQty":"640.88735403","time":1601215503339,"isBuyerMaker":true,"isBestMatch":true},{"id":423831523,"price":"10681.99000000","qty":"0.00009700","quoteQty":"1.03615303","time":1601215503339,"isBuyerMaker":true,"isBestMatch":true},{"id":423831524,"price":"10682.00000000","qty":"0.00359500","quoteQty":"38.40179000","time":1601215503990,"isBuyerMaker":false,"isBestMatch":true},{"id":423831525,"price":"10681.99000000","qty":"0.04639200","quoteQty":"495.55888008","time":1601215504359,"isBuyerMaker":true,"isBestMatch":true},{"id":423831526,"price":"10681.99000000","qty":"0.06003200","quoteQty":"641.26122368","time":1601215505450,"isBuyerMaker":true,"isBestMatch":true},{"id":423831527,"price":"10682.00000000","qty":"0.00729500","quoteQty":"77.92519000","time":1601215505843,"isBuyerMaker":false,"isBestMatch":true},{"id":423831528,"price":"10682.00000000","qty":"0.02698700","quoteQty":"288.27513400","time":1601215505932,"isBuyerMaker":false,"isBestMatch":true},{"id":423831529,"price":"10682.00000000","qty":"0.03509700","quoteQty":"374.90615400","time":1601215505932,"isBuyerMaker":false,"isBestMatch":true},{"id":423831530,"price":"10682.00000000","qty":"0.00370600","quoteQty":"39.58749200","time":1601215506076,"isBuyerMaker":false,"isBestMatch":true},{"id":423831531,"price":"10682.08000000","qty":"0.00502400","quoteQty":"53.66676992","time":1601215506739,"isBuyerMaker":true,"isBestMatch":true},{"id":423831532,"price":"10682.08000000","qty":"0.59497600","quoteQty":"6355.58123008","time":1601215506739,"isBuyerMaker":true,"isBestMatch":true},{"id":423831533,"price":"10682.08000000","qty":"0.19950000","quoteQty":"2131.07496000","time":1601215506743,"isBuyerMaker":true,"isBestMatch":true},{"id":423831534,"price":"10682.08000000","qty":"0.40050000","quoteQty":"4278.17304000","time":1601215506748,"isBuyerMaker":true,"isBestMatch":true},{"id":423831535,"price":"10682.08000000","qty":"0.60000000","quoteQty":"6409.24800000","time":1601215506757,"isBuyerMaker":true,"isBestMatch":true},{"id":423831536,"price":"10682.08000000","qty":"0.60000000","quoteQty":"6409.24800000","time":1601215506757,"isBuyerMaker":true,"isBestMatch":true},{"id":423831537,"price":"10682.08000000","qty":"0.22593400","quoteQty":"2413.44506272","time":1601215506773,"isBuyerMaker":true,"isBestMatch":true},{"id":423831538,"price":"10682.08000000","qty":"0.23147900","quoteQty":"2472.67719632","time":1601215506773,"isBuyerMaker":true,"isBestMatch":true},{"id":423831539,"price":"10682.08000000","qty":"0.02000000","quoteQty":"213.64160000","time":1601215506773,"isBuyerMaker":true,"isBestMatch":true},{"id":423831540,"price":"10682.00000000","qty":"0.05640600","quoteQty":"602.52889200","time":1601215506773,"isBuyerMaker":true,"isBestMatch":true},{"id":423831541,"price":"10681.94000000","qty":"0.04581500","quoteQty":"489.39308110","time":1601215506773,"isBuyerMaker":true,"isBestMatch":true},{"id":423831542,"price":"10681.87000000","qty":"0.00769500","quoteQty":"82.19698965","time":1601215506773,"isBuyerMaker":true,"isBestMatch":true},{"id":423831543,"price":"10681.77000000","qty":"0.01267100","quoteQty":"135.34870767","time":1601215506773,"isBuyerMaker":true,"isBestMatch":true},{"id":423831544,"price":"10681.77000000","qty":"0.00255400","quoteQty":"27.28124058","time":1601215506773,"isBuyerMaker":true,"isBestMatch":true},{"id":423831545,"price":"10681.55000000","qty":"0.01530100","quoteQty":"163.43839655","time":1601215507252,"isBuyerMaker":true,"isBestMatch":true},{"id":423831546,"price":"10681.56000000","qty":"0.10867200","quoteQty":"1160.78648832","time":1601215507254,"isBuyerMaker":false,"isBestMatch":true},{"id":423831547,"price":"10681.44000000","qty":"0.00182300","quoteQty":"19.47226512","time":1601215507261,"isBuyerMaker":true,"isBestMatch":true},{"id":423831548,"price":"10681.44000000","qty":"0.00906700","quoteQty":"96.84861648","time":1601215507261,"isBuyerMaker":true,"isBestMatch":true},{"id":423831549,"price":"10681.45000000","qty":"0.00140400","quoteQty":"14.99675580","time":1601215507338,"isBuyerMaker":false,"isBestMatch":true},{"id":423831550,"price":"10681.44000000","qty":"0.00620700","quoteQty":"66.29969808","time":1601215507344,"isBuyerMaker":true,"isBestMatch":true},{"id":423831551,"price":"10681.44000000","qty":"0.00001100","quoteQty":"0.11749584","time":1601215507376,"isBuyerMaker":true,"isBestMatch":true},{"id":423831552,"price":"10681.27000000","qty":"0.01520700","quoteQty":"162.43007289","time":1601215507376,"isBuyerMaker":true,"isBestMatch":true},{"id":423831553,"price":"10681.27000000","qty":"0.01532300","quoteQty":"163.66910021","time":1601215507376,"isBuyerMaker":true,"isBestMatch":true},{"id":423831554,"price":"10681.10000000","qty":"0.01520700","quoteQty":"162.42748770","time":1601215507376,"isBuyerMaker":true,"isBestMatch":true},{"id":423831555,"price":"10680.85000000","qty":"0.01426700","quoteQty":"152.38368695","time":1601215507376,"isBuyerMaker":true,"isBestMatch":true},{"id":423831556,"price":"10680.86000000","qty":"0.00968800","quoteQty":"103.47617168","time":1601215507424,"isBuyerMaker":false,"isBestMatch":true},{"id":423831557,"price":"10680.85000000","qty":"0.00094000","quoteQty":"10.03999900","time":1601215507458,"isBuyerMaker":true,"isBestMatch":true},{"id":423831558,"price":"10680.85000000","qty":"0.01523700","quoteQty":"162.74411145","time":1601215507458,"isBuyerMaker":true,"isBestMatch":true},{"id":423831559,"price":"10680.85000000","qty":"0.00002600","quoteQty":"0.27770210","time":1601215507556,"isBuyerMaker":true,"isBestMatch":true},{"id":423831560,"price":"10680.78000000","qty":"0.09997400","quoteQty":"1067.80029972","time":1601215507556,"isBuyerMaker":true,"isBestMatch":true},{"id":423831561,"price":"10680.78000000","qty":"0.00002600","quoteQty":"0.27770028","time":1601215508305,"isBuyerMaker":true,"isBestMatch":true},{"id":423831562,"price":"10680.78000000","qty":"0.04486600","quoteQty":"479.20387548","time":1601215508305,"isBuyerMaker":true,"isBestMatch":true},{"id":423831563,"price":"10680.78000000","qty":"0.00103300","quoteQty":"11.03324574","time":1601215508632,"isBuyerMaker":true,"isBestMatch":true},{"id":423831564,"price":"10680.78000000","qty":"0.00105300","quoteQty":"11.24686134","time":1601215508640,"isBuyerMaker":true,"isBestMatch":true},{"id":423831565,"price":"10680.78000000","qty":"0.06027100","quoteQty":"643.74129138","time":1601215509393,"isBuyerMaker":true,"isBestMatch":true},{"id":423831566,"price":"10680.79000000","qty":"0.00194700","quoteQty":"20.79549813","time":1601215509536,"isBuyerMaker":false,"isBestMatch":true},{"id":423831567,"price":"10680.78000000","qty":"0.01250000","quoteQty":"133.50975000","time":1601215509969,"isBuyerMaker":true,"isBestMatch":true},{"id":423831568,"price":"10680.79000000","qty":"0.00270300","quoteQty":"28.87017537","time":1601215510547,"isBuyerMaker":false,"isBestMatch":true},{"id":423831569,"price":"10680.79000000","qty":"0.00184200","quoteQty":"19.67401518","time":1601215510655,"isBuyerMaker":false,"isBestMatch":true},{"id":423831570,"price":"10680.78000000","qty":"0.06003100","quoteQty":"641.17790418","time":1601215510829,"isBuyerMaker":true,"isBestMatch":true},{"id":423831571,"price":"10680.79000000","qty":"0.00251000","quoteQty":"26.80878290","time":1601215510859,"isBuyerMaker":false,"isBestMatch":true},{"id":423831572,"price":"10680.79000000","qty":"0.00283800","quoteQty":"30.31208202","time":1601215511613,"isBuyerMaker":false,"isBestMatch":true},{"id":423831573,"price":"10680.78000000","qty":"0.02024600","quoteQty":"216.24307188","time":1601215512370,"isBuyerMaker":true,"isBestMatch":true},{"id":423831574,"price":"10680.78000000","qty":"0.03975700","quoteQty":"424.63577046","time":1601215512370,"isBuyerMaker":true,"isBestMatch":true},{"id":423831575,"price":"10680.79000000","qty":"0.01827700","quoteQty":"195.21279883","time":1601215513073,"isBuyerMaker":false,"isBestMatch":true},{"id":423831576,"price":"10680.78000000","qty":"0.00459700","quoteQty":"49.09954566","time":1601215513609,"isBuyerMaker":true,"isBestMatch":true},{"id":423831577,"price":"10680.78000000","qty":"0.05564600","quoteQty":"594.34268388","time":1601215513956,"isBuyerMaker":true,"isBestMatch":true},{"id":423831578,"price":"10680.78000000","qty":"0.00440000","quoteQty":"46.99543200","time":1601215513956,"isBuyerMaker":true,"isBestMatch":true},{"id":423831579,"price":"10680.78000000","qty":"0.06002400","quoteQty":"641.10313872","time":1601215515590,"isBuyerMaker":true,"isBestMatch":true},{"id":423831580,"price":"10680.79000000","qty":"0.12385100","quoteQty":"1322.82652229","time":1601215515846,"isBuyerMaker":false,"isBestMatch":true},{"id":423831581,"price":"10680.78000000","qty":"0.00108600","quoteQty":"11.59932708","time":1601215516048,"isBuyerMaker":true,"isBestMatch":true},{"id":423831582,"price":"10680.78000000","qty":"0.00108800","quoteQty":"11.62068864","time":1601215516845,"isBuyerMaker":true,"isBestMatch":true},{"id":423831583,"price":"10680.79000000","qty":"0.51381500","quoteQty":"5487.95011385","time":1601215516881,"isBuyerMaker":false,"isBestMatch":true},{"id":423831584,"price":"10680.78000000","qty":"0.03340200","quoteQty":"356.75941356","time":1601215517262,"isBuyerMaker":true,"isBestMatch":true},{"id":423831585,"price":"10680.78000000","qty":"0.01000000","quoteQty":"106.80780000","time":1601215517262,"isBuyerMaker":true,"isBestMatch":true},{"id":423831586,"price":"10680.78000000","qty":"0.01690400","quoteQty":"180.54790512","time":1601215517262,"isBuyerMaker":true,"isBestMatch":true},{"id":423831587,"price":"10680.79000000","qty":"0.00197900","quoteQty":"21.13728341","time":1601215517533,"isBuyerMaker":false,"isBestMatch":true},{"id":423831588,"price":"10680.79000000","qty":"0.00157300","quoteQty":"16.80088267","time":1601215517546,"isBuyerMaker":false,"isBestMatch":true},{"id":423831589,"price":"10680.78000000","qty":"0.06011700","quoteQty":"642.09645126","time":1601215518950,"isBuyerMaker":true,"isBestMatch":true},{"id":423831590,"price":"10680.78000000","qty":"0.02297900","quoteQty":"245.43364362","time":1601215519215,"isBuyerMaker":true,"isBestMatch":true},{"id":423831591,"price":"10680.57000000","qty":"0.00605500","quoteQty":"64.67085135","time":1601215519215,"isBuyerMaker":true,"isBestMatch":true},{"id":423831592,"price":"10680.53000000","qty":"0.06821200","quoteQty":"728.54031236","time":1601215519215,"isBuyerMaker":true,"isBestMatch":true},{"id":423831593,"price":"10680.25000000","qty":"0.01768100","quoteQty":"188.83750025","time":1601215519215,"isBuyerMaker":true,"isBestMatch":true},{"id":423831594,"price":"10680.24000000","qty":"0.01556600","quoteQty":"166.24861584","time":1601215519215,"isBuyerMaker":true,"isBestMatch":true},{"id":423831595,"price":"10680.18000000","qty":"0.01872300","quoteQty":"199.96501014","time":1601215519215,"isBuyerMaker":true,"isBestMatch":true},{"id":423831596,"price":"10680.15000000","qty":"0.01000000","quoteQty":"106.80150000","time":1601215519215,"isBuyerMaker":true,"isBestMatch":true},{"id":423831597,"price":"10680.01000000","qty":"0.14078400","quoteQty":"1503.57452784","time":1601215519215,"isBuyerMaker":true,"isBestMatch":true},{"id":423831598,"price":"10680.40000000","qty":"0.00349800","quoteQty":"37.36003920","time":1601215519338,"isBuyerMaker":true,"isBestMatch":true},{"id":423831599,"price":"10680.41000000","qty":"0.00298400","quoteQty":"31.87034344","time":1601215519340,"isBuyerMaker":false,"isBestMatch":true},{"id":423831600,"price":"10680.41000000","qty":"0.00283300","quoteQty":"30.25760153","time":1601215519434,"isBuyerMaker":false,"isBestMatch":true},{"id":423831601,"price":"10680.41000000","qty":"0.00237300","quoteQty":"25.34461293","time":1601215519546,"isBuyerMaker":false,"isBestMatch":true},{"id":423831602,"price":"10680.41000000","qty":"0.00226200","quoteQty":"24.15908742","time":1601215519660,"isBuyerMaker":false,"isBestMatch":true},{"id":423831603,"price":"10680.41000000","qty":"0.00215200","quoteQty":"22.98424232","time":1601215519858,"isBuyerMaker":false,"isBestMatch":true},{"id":423831604,"price":"10680.41000000","qty":"0.00267800","quoteQty":"28.60213798","time":1601215519959,"isBuyerMaker":false,"isBestMatch":true},{"id":423831605,"price":"10680.41000000","qty":"0.00025200","quoteQty":"2.69146332","time":1601215519959,"isBuyerMaker":false,"isBestMatch":true},{"id":423831606,"price":"10680.40000000","qty":"0.01178400","quoteQty":"125.85783360","time":1601215520141,"isBuyerMaker":true,"isBestMatch":true},{"id":423831607,"price":"10680.07000000","qty":"0.00859800","quoteQty":"91.82724186","time":1601215520141,"isBuyerMaker":true,"isBestMatch":true},{"id":423831608,"price":"10680.01000000","qty":"0.03974800","quoteQty":"424.50903748","time":1601215520141,"isBuyerMaker":true,"isBestMatch":true},{"id":423831609,"price":"10680.02000000","qty":"0.01174300","quoteQty":"125.41547486","time":1601215520275,"isBuyerMaker":false,"isBestMatch":true},{"id":423831610,"price":"10680.02000000","qty":"0.00237100","quoteQty":"25.32232742","time":1601215520401,"isBuyerMaker":false,"isBestMatch":true},{"id":423831611,"price":"10680.01000000","qty":"0.28231200","quoteQty":"3015.09498312","time":1601215520812,"isBuyerMaker":true,"isBestMatch":true},{"id":423831612,"price":"10680.01000000","qty":"0.16505600","quoteQty":"1762.79973056","time":1601215520918,"isBuyerMaker":true,"isBestMatch":true},{"id":423831613,"price":"10680.02000000","qty":"0.00328100","quoteQty":"35.04114562","time":1601215521245,"isBuyerMaker":false,"isBestMatch":true},{"id":423831614,"price":"10680.01000000","qty":"0.06005000","quoteQty":"641.33460050","time":1601215521382,"isBuyerMaker":true,"isBestMatch":true},{"id":423831615,"price":"10680.01000000","qty":"0.29709200","quoteQty":"3172.94553092","time":1601215522188,"isBuyerMaker":true,"isBestMatch":true},{"id":423831616,"price":"10680.01000000","qty":"0.06008300","quoteQty":"641.68704083","time":1601215522417,"isBuyerMaker":true,"isBestMatch":true},{"id":423831617,"price":"10680.01000000","qty":"0.06009700","quoteQty":"641.83656097","time":1601215523512,"isBuyerMaker":true,"isBestMatch":true},{"id":423831618,"price":"10680.01000000","qty":"0.03254500","quoteQty":"347.58092545","time":1601215524612,"isBuyerMaker":true,"isBestMatch":true},{"id":423831619,"price":"10680.01000000","qty":"0.06003400","quoteQty":"641.16372034","time":1601215524622,"isBuyerMaker":true,"isBestMatch":true},{"id":423831620,"price":"10680.01000000","qty":"0.01931300","quoteQty":"206.26303313","time":1601215524712,"isBuyerMaker":true,"isBestMatch":true},{"id":423831621,"price":"10680.01000000","qty":"0.00493700","quoteQty":"52.72720937","time":1601215524858,"isBuyerMaker":true,"isBestMatch":true},{"id":423831622,"price":"10680.01000000","qty":"0.00109500","quoteQty":"11.69461095","time":1601215525057,"isBuyerMaker":true,"isBestMatch":true},{"id":423831623,"price":"10680.01000000","qty":"0.06041800","quoteQty":"645.26484418","time":1601215525753,"isBuyerMaker":true,"isBestMatch":true},{"id":423831624,"price":"10680.01000000","qty":"0.16504700","quoteQty":"1762.70361047","time":1601215525778,"isBuyerMaker":true,"isBestMatch":true},{"id":423831625,"price":"10680.01000000","qty":"0.29709200","quoteQty":"3172.94553092","time":1601215526832,"isBuyerMaker":true,"isBestMatch":true},{"id":423831626,"price":"10680.01000000","qty":"0.06020600","quoteQty":"643.00068206","time":1601215526885,"isBuyerMaker":true,"isBestMatch":true},{"id":423831627,"price":"10680.02000000","qty":"0.00400000","quoteQty":"42.72008000","time":1601215527010,"isBuyerMaker":false,"isBestMatch":true},{"id":423831628,"price":"10680.02000000","qty":"0.17224000","quoteQty":"1839.52664480","time":1601215527517,"isBuyerMaker":false,"isBestMatch":true},{"id":423831629,"price":"10680.02000000","qty":"0.02554400","quoteQty":"272.81043088","time":1601215527517,"isBuyerMaker":false,"isBestMatch":true},{"id":423831630,"price":"10680.01000000","qty":"0.03301000","quoteQty":"352.54713010","time":1601215527679,"isBuyerMaker":true,"isBestMatch":true},{"id":423831631,"price":"10680.01000000","qty":"0.06007300","quoteQty":"641.58024073","time":1601215528028,"isBuyerMaker":true,"isBestMatch":true},{"id":423831632,"price":"10680.02000000","qty":"0.00250600","quoteQty":"26.76413012","time":1601215528596,"isBuyerMaker":false,"isBestMatch":true},{"id":423831633,"price":"10680.02000000","qty":"0.10000000","quoteQty":"1068.00200000","time":1601215528945,"isBuyerMaker":false,"isBestMatch":true},{"id":423831634,"price":"10680.02000000","qty":"0.02369400","quoteQty":"253.05239388","time":1601215528945,"isBuyerMaker":false,"isBestMatch":true},{"id":423831635,"price":"10680.22000000","qty":"0.01541800","quoteQty":"164.66763196","time":1601215528945,"isBuyerMaker":false,"isBestMatch":true},{"id":423831636,"price":"10680.23000000","qty":"0.00131600","quoteQty":"14.05518268","time":1601215528945,"isBuyerMaker":false,"isBestMatch":true},{"id":423831637,"price":"10680.23000000","qty":"0.00200000","quoteQty":"21.36046000","time":1601215529151,"isBuyerMaker":false,"isBestMatch":true},{"id":423831638,"price":"10680.23000000","qty":"0.00845600","quoteQty":"90.31202488","time":1601215529151,"isBuyerMaker":false,"isBestMatch":true},{"id":423831639,"price":"10680.23000000","qty":"0.00696900","quoteQty":"74.43052287","time":1601215529382,"isBuyerMaker":false,"isBestMatch":true},{"id":423831640,"price":"10680.23000000","qty":"0.00001000","quoteQty":"0.10680230","time":1601215530075,"isBuyerMaker":false,"isBestMatch":true},{"id":423831641,"price":"10680.23000000","qty":"0.10000000","quoteQty":"1068.02300000","time":1601215530075,"isBuyerMaker":false,"isBestMatch":true},{"id":423831642,"price":"10681.15000000","qty":"0.06781400","quoteQty":"724.33150610","time":1601215530122,"isBuyerMaker":true,"isBestMatch":true},{"id":423831643,"price":"10681.15000000","qty":"0.03377900","quoteQty":"360.79856585","time":1601215530122,"isBuyerMaker":true,"isBestMatch":true},{"id":423831644,"price":"10681.15000000","qty":"0.05647700","quoteQty":"603.23930855","time":1601215530190,"isBuyerMaker":true,"isBestMatch":true},{"id":423831645,"price":"10681.16000000","qty":"0.01526300","quoteQty":"163.02654508","time":1601215530191,"isBuyerMaker":false,"isBestMatch":true},{"id":423831646,"price":"10681.16000000","qty":"0.01542200","quoteQty":"164.72484952","time":1601215530191,"isBuyerMaker":false,"isBestMatch":true},{"id":423831647,"price":"10681.15000000","qty":"0.00830800","quoteQty":"88.73899420","time":1601215530306,"isBuyerMaker":true,"isBestMatch":true},{"id":423831648,"price":"10681.16000000","qty":"0.00001600","quoteQty":"0.17089856","time":1601215530458,"isBuyerMaker":false,"isBestMatch":true},{"id":423831649,"price":"10681.57000000","qty":"0.00951800","quoteQty":"101.66718326","time":1601215530501,"isBuyerMaker":false,"isBestMatch":true},{"id":423831650,"price":"10681.56000000","qty":"0.04686700","quoteQty":"500.61267252","time":1601215530612,"isBuyerMaker":true,"isBestMatch":true},{"id":423831651,"price":"10681.57000000","qty":"0.00808600","quoteQty":"86.37117502","time":1601215530614,"isBuyerMaker":false,"isBestMatch":true},{"id":423831652,"price":"10681.56000000","qty":"0.05395600","quoteQty":"576.33425136","time":1601215530709,"isBuyerMaker":true,"isBestMatch":true},{"id":423831653,"price":"10681.56000000","qty":"0.05435000","quoteQty":"580.54278600","time":1601215530822,"isBuyerMaker":true,"isBestMatch":true},{"id":423831654,"price":"10681.57000000","qty":"0.00730700","quoteQty":"78.05023199","time":1601215530926,"isBuyerMaker":false,"isBestMatch":true},{"id":423831655,"price":"10681.56000000","qty":"0.04568500","quoteQty":"487.98706860","time":1601215530928,"isBuyerMaker":true,"isBestMatch":true},{"id":423831656,"price":"10681.57000000","qty":"0.00000600","quoteQty":"0.06408942","time":1601215531030,"isBuyerMaker":false,"isBestMatch":true},{"id":423831657,"price":"10681.57000000","qty":"0.00999500","quoteQty":"106.76229215","time":1601215531030,"isBuyerMaker":false,"isBestMatch":true},{"id":423831658,"price":"10681.56000000","qty":"0.04529100","quoteQty":"483.77853396","time":1601215531040,"isBuyerMaker":true,"isBestMatch":true},{"id":423831659,"price":"10681.56000000","qty":"0.04726100","quoteQty":"504.82120716","time":1601215531136,"isBuyerMaker":true,"isBestMatch":true},{"id":423831660,"price":"10681.56000000","qty":"0.04962400","quoteQty":"530.06173344","time":1601215531276,"isBuyerMaker":true,"isBestMatch":true},{"id":423831661,"price":"10681.56000000","qty":"0.06001600","quoteQty":"641.06450496","time":1601215531346,"isBuyerMaker":true,"isBestMatch":true},{"id":423831662,"price":"10681.56000000","qty":"0.04765400","quoteQty":"509.01906024","time":1601215531370,"isBuyerMaker":true,"isBestMatch":true},{"id":423831663,"price":"10681.56000000","qty":"0.07981500","quoteQty":"852.54871140","time":1601215531445,"isBuyerMaker":true,"isBestMatch":true},{"id":423831664,"price":"10681.56000000","qty":"0.01618500","quoteQty":"172.88104860","time":1601215531445,"isBuyerMaker":true,"isBestMatch":true},{"id":423831665,"price":"10681.56000000","qty":"0.05238000","quoteQty":"559.50011280","time":1601215531552,"isBuyerMaker":true,"isBestMatch":true},{"id":423831666,"price":"10681.56000000","qty":"0.04765400","quoteQty":"509.01906024","time":1601215531655,"isBuyerMaker":true,"isBestMatch":true},{"id":423831667,"price":"10681.56000000","qty":"0.05316800","quoteQty":"567.91718208","time":1601215531755,"isBuyerMaker":true,"isBestMatch":true},{"id":423831668,"price":"10681.56000000","qty":"0.02244900","quoteQty":"239.79034044","time":1601215531864,"isBuyerMaker":true,"isBestMatch":true},{"id":423831669,"price":"10681.56000000","qty":"0.00766400","quoteQty":"81.86347584","time":1601215532065,"isBuyerMaker":true,"isBestMatch":true},{"id":423831670,"price":"10681.56000000","qty":"0.00483600","quoteQty":"51.65602416","time":1601215532065,"isBuyerMaker":true,"isBestMatch":true},{"id":423831671,"price":"10681.56000000","qty":"0.06004100","quoteQty":"641.33154396","time":1601215532581,"isBuyerMaker":true,"isBestMatch":true},{"id":423831672,"price":"10681.57000000","qty":"0.00000500","quoteQty":"0.05340785","time":1601215533133,"isBuyerMaker":false,"isBestMatch":true},{"id":423831673,"price":"10681.57000000","qty":"0.01000000","quoteQty":"106.81570000","time":1601215533133,"isBuyerMaker":false,"isBestMatch":true},{"id":423831674,"price":"10681.57000000","qty":"0.02731900","quoteQty":"291.80981083","time":1601215533133,"isBuyerMaker":false,"isBestMatch":true},{"id":423831675,"price":"10681.57000000","qty":"0.00001000","quoteQty":"0.10681570","time":1601215533209,"isBuyerMaker":false,"isBestMatch":true},{"id":423831676,"price":"10681.77000000","qty":"0.00110300","quoteQty":"11.78199231","time":1601215533266,"isBuyerMaker":true,"isBestMatch":true},{"id":423831677,"price":"10681.78000000","qty":"0.09953600","quoteQty":"1063.22165408","time":1601215533343,"isBuyerMaker":false,"isBestMatch":true},{"id":423831678,"price":"10681.77000000","qty":"0.06000800","quoteQty":"640.99165416","time":1601215533807,"isBuyerMaker":true,"isBestMatch":true},{"id":423831679,"price":"10681.77000000","qty":"0.01250000","quoteQty":"133.52212500","time":1601215534075,"isBuyerMaker":true,"isBestMatch":true},{"id":423831680,"price":"10681.77000000","qty":"0.00909900","quoteQty":"97.19342523","time":1601215534833,"isBuyerMaker":true,"isBestMatch":true},{"id":423831681,"price":"10681.77000000","qty":"0.04411900","quoteQty":"471.26901063","time":1601215535055,"isBuyerMaker":true,"isBestMatch":true},{"id":423831682,"price":"10681.77000000","qty":"0.01588700","quoteQty":"169.70127999","time":1601215535055,"isBuyerMaker":true,"isBestMatch":true},{"id":423831683,"price":"10681.78000000","qty":"0.10046400","quoteQty":"1073.13434592","time":1601215535805,"isBuyerMaker":false,"isBestMatch":true},{"id":423831684,"price":"10681.78000000","qty":"0.10000000","quoteQty":"1068.17800000","time":1601215535805,"isBuyerMaker":false,"isBestMatch":true},{"id":423831685,"price":"10681.78000000","qty":"0.01000000","quoteQty":"106.81780000","time":1601215535805,"isBuyerMaker":false,"isBestMatch":true},{"id":423831686,"price":"10681.78000000","qty":"0.10000000","quoteQty":"1068.17800000","time":1601215535805,"isBuyerMaker":false,"isBestMatch":true},{"id":423831687,"price":"10681.78000000","qty":"0.10000000","quoteQty":"1068.17800000","time":1601215535805,"isBuyerMaker":false,"isBestMatch":true},{"id":423831688,"price":"10681.86000000","qty":"0.01539900","quoteQty":"164.48996214","time":1601215535949,"isBuyerMaker":true,"isBestMatch":true},{"id":423831689,"price":"10681.86000000","qty":"0.04069500","quoteQty":"434.69829270","time":1601215535949,"isBuyerMaker":true,"isBestMatch":true},{"id":423831690,"price":"10681.86000000","qty":"0.01250000","quoteQty":"133.52325000","time":1601215536059,"isBuyerMaker":true,"isBestMatch":true},{"id":423831691,"price":"10681.86000000","qty":"0.02847800","quoteQty":"304.19800908","time":1601215536212,"isBuyerMaker":true,"isBestMatch":true},{"id":423831692,"price":"10681.86000000","qty":"0.06072900","quoteQty":"648.69867594","time":1601215536312,"isBuyerMaker":true,"isBestMatch":true},{"id":423831693,"price":"10681.86000000","qty":"0.06031400","quoteQty":"644.26570404","time":1601215537582,"isBuyerMaker":true,"isBestMatch":true},{"id":423831694,"price":"10681.87000000","qty":"0.00125000","quoteQty":"13.35233750","time":1601215538003,"isBuyerMaker":false,"isBestMatch":true},{"id":423831695,"price":"10681.87000000","qty":"0.01414900","quoteQty":"151.13777863","time":1601215538413,"isBuyerMaker":false,"isBestMatch":true},{"id":423831696,"price":"10681.93000000","qty":"0.06012200","quoteQty":"642.21899546","time":1601215538846,"isBuyerMaker":true,"isBestMatch":true},{"id":423831697,"price":"10681.93000000","qty":"0.06038900","quoteQty":"645.07107077","time":1601215540139,"isBuyerMaker":true,"isBestMatch":true},{"id":423831698,"price":"10681.94000000","qty":"0.01530100","quoteQty":"163.44436394","time":1601215540455,"isBuyerMaker":false,"isBestMatch":true},{"id":423831699,"price":"10682.09000000","qty":"0.01518700","quoteQty":"162.22890083","time":1601215540455,"isBuyerMaker":false,"isBestMatch":true},{"id":423831700,"price":"10682.45000000","qty":"0.01500000","quoteQty":"160.23675000","time":1601215540455,"isBuyerMaker":false,"isBestMatch":true},{"id":423831701,"price":"10682.56000000","qty":"0.01518700","quoteQty":"162.23603872","time":1601215540455,"isBuyerMaker":false,"isBestMatch":true},{"id":423831702,"price":"10682.68000000","qty":"0.00620600","quoteQty":"66.29671208","time":1601215540455,"isBuyerMaker":false,"isBestMatch":true},{"id":423831703,"price":"10682.84000000","qty":"0.01226100","quoteQty":"130.98230124","time":1601215540455,"isBuyerMaker":false,"isBestMatch":true},{"id":423831704,"price":"10682.95000000","qty":"0.01524400","quoteQty":"162.85088980","time":1601215540455,"isBuyerMaker":false,"isBestMatch":true},{"id":423831705,"price":"10683.03000000","qty":"0.01528200","quoteQty":"163.25806446","time":1601215540455,"isBuyerMaker":false,"isBestMatch":true},{"id":423831706,"price":"10683.36000000","qty":"0.08013600","quoteQty":"856.12173696","time":1601215540455,"isBuyerMaker":false,"isBestMatch":true},{"id":423831707,"price":"10683.36000000","qty":"0.00987900","quoteQty":"105.54091344","time":1601215540455,"isBuyerMaker":false,"isBestMatch":true},{"id":423831708,"price":"10682.64000000","qty":"0.01469700","quoteQty":"157.00276008","time":1601215540556,"isBuyerMaker":true,"isBestMatch":true},{"id":423831709,"price":"10682.65000000","qty":"0.01534100","quoteQty":"163.88253365","time":1601215540970,"isBuyerMaker":false,"isBestMatch":true},{"id":423831710,"price":"10682.66000000","qty":"0.00579400","quoteQty":"61.89533204","time":1601215541007,"isBuyerMaker":false,"isBestMatch":true},{"id":423831711,"price":"10682.83000000","qty":"0.01534100","quoteQty":"163.88529503","time":1601215541204,"isBuyerMaker":true,"isBestMatch":true},{"id":423831712,"price":"10682.67000000","qty":"0.00508000","quoteQty":"54.26796360","time":1601215541204,"isBuyerMaker":true,"isBestMatch":true},{"id":423831713,"price":"10682.66000000","qty":"0.00529100","quoteQty":"56.52195406","time":1601215541204,"isBuyerMaker":true,"isBestMatch":true},{"id":423831714,"price":"10682.65000000","qty":"0.02783400","quoteQty":"297.34088010","time":1601215541204,"isBuyerMaker":true,"isBestMatch":true},{"id":423831715,"price":"10682.65000000","qty":"0.04882200","quoteQty":"521.54833830","time":1601215541311,"isBuyerMaker":true,"isBestMatch":true},{"id":423831716,"price":"10682.65000000","qty":"0.06012800","quoteQty":"642.32637920","time":1601215541374,"isBuyerMaker":true,"isBestMatch":true},{"id":423831717,"price":"10682.65000000","qty":"0.01581200","quoteQty":"168.91406180","time":1601215541414,"isBuyerMaker":true,"isBestMatch":true},{"id":423831718,"price":"10682.65000000","qty":"0.01534100","quoteQty":"163.88253365","time":1601215541414,"isBuyerMaker":true,"isBestMatch":true},{"id":423831719,"price":"10682.65000000","qty":"0.00861300","quoteQty":"92.00966445","time":1601215541414,"isBuyerMaker":true,"isBestMatch":true},{"id":423831720,"price":"10682.65000000","qty":"0.00113200","quoteQty":"12.09275980","time":1601215541462,"isBuyerMaker":true,"isBestMatch":true},{"id":423831721,"price":"10682.66000000","qty":"0.00277300","quoteQty":"29.62301618","time":1601215542143,"isBuyerMaker":false,"isBestMatch":true},{"id":423831722,"price":"10682.66000000","qty":"0.03050800","quoteQty":"325.90659128","time":1601215542360,"isBuyerMaker":false,"isBestMatch":true},{"id":423831723,"price":"10682.65000000","qty":"0.01420900","quoteQty":"151.78977385","time":1601215542620,"isBuyerMaker":true,"isBestMatch":true},{"id":423831724,"price":"10682.65000000","qty":"0.04590500","quoteQty":"490.38704825","time":1601215542620,"isBuyerMaker":true,"isBestMatch":true},{"id":423831725,"price":"10682.65000000","qty":"0.02301400","quoteQty":"245.85050710","time":1601215542725,"isBuyerMaker":true,"isBestMatch":true},{"id":423831726,"price":"10682.65000000","qty":"0.06028900","quoteQty":"644.04628585","time":1601215543882,"isBuyerMaker":true,"isBestMatch":true},{"id":423831727,"price":"10682.65000000","qty":"0.03018600","quoteQty":"322.46647290","time":1601215544369,"isBuyerMaker":true,"isBestMatch":true},{"id":423831728,"price":"10682.64000000","qty":"0.00064400","quoteQty":"6.87962016","time":1601215545157,"isBuyerMaker":true,"isBestMatch":true},{"id":423831729,"price":"10682.56000000","qty":"0.05944900","quoteQty":"635.06750944","time":1601215545157,"isBuyerMaker":true,"isBestMatch":true},{"id":423831730,"price":"10682.10000000","qty":"0.03229800","quoteQty":"345.01046580","time":1601215545219,"isBuyerMaker":true,"isBestMatch":true},{"id":423831731,"price":"10681.95000000","qty":"0.00394900","quoteQty":"42.18302055","time":1601215545329,"isBuyerMaker":false,"isBestMatch":true},{"id":423831732,"price":"10681.95000000","qty":"0.00514700","quoteQty":"54.97999665","time":1601215545629,"isBuyerMaker":false,"isBestMatch":true},{"id":423831733,"price":"10681.94000000","qty":"0.00187200","quoteQty":"19.99659168","time":1601215546517,"isBuyerMaker":true,"isBestMatch":true},{"id":423831734,"price":"10681.94000000","qty":"0.05816600","quoteQty":"621.32572204","time":1601215546517,"isBuyerMaker":true,"isBestMatch":true},{"id":423831735,"price":"10681.95000000","qty":"0.00143200","quoteQty":"15.29655240","time":1601215547336,"isBuyerMaker":false,"isBestMatch":true},{"id":423831736,"price":"10681.94000000","qty":"0.06004900","quoteQty":"641.43981506","time":1601215547880,"isBuyerMaker":true,"isBestMatch":true},{"id":423831737,"price":"10681.95000000","qty":"0.00149700","quoteQty":"15.99087915","time":1601215549176,"isBuyerMaker":false,"isBestMatch":true},{"id":423831738,"price":"10681.94000000","qty":"0.06018100","quoteQty":"642.84983114","time":1601215549277,"isBuyerMaker":true,"isBestMatch":true},{"id":423831739,"price":"10681.94000000","qty":"0.13426000","quoteQty":"1434.15726440","time":1601215549458,"isBuyerMaker":true,"isBestMatch":true},{"id":423831740,"price":"10681.94000000","qty":"0.03302000","quoteQty":"352.71765880","time":1601215549567,"isBuyerMaker":true,"isBestMatch":true},{"id":423831741,"price":"10681.94000000","qty":"0.51871500","quoteQty":"5540.88250710","time":1601215549682,"isBuyerMaker":true,"isBestMatch":true},{"id":423831742,"price":"10681.95000000","qty":"1.36268000","quoteQty":"14556.07962600","time":1601215549798,"isBuyerMaker":false,"isBestMatch":true},{"id":423831743,"price":"10681.94000000","qty":"0.01534100","quoteQty":"163.87164154","time":1601215550674,"isBuyerMaker":true,"isBestMatch":true},{"id":423831744,"price":"10681.94000000","qty":"0.01000000","quoteQty":"106.81940000","time":1601215550674,"isBuyerMaker":true,"isBestMatch":true},{"id":423831745,"price":"10681.94000000","qty":"0.03469500","quoteQty":"370.60990830","time":1601215550674,"isBuyerMaker":true,"isBestMatch":true},{"id":423831746,"price":"10681.84000000","qty":"0.01530300","quoteQty":"163.46419752","time":1601215551687,"isBuyerMaker":true,"isBestMatch":true},{"id":423831747,"price":"10681.42000000","qty":"0.00703700","quoteQty":"75.16515254","time":1601215551687,"isBuyerMaker":true,"isBestMatch":true},{"id":423831748,"price":"10681.36000000","qty":"0.01539900","quoteQty":"164.48226264","time":1601215551687,"isBuyerMaker":true,"isBestMatch":true},{"id":423831749,"price":"10681.24000000","qty":"0.02235100","quoteQty":"238.73639524","time":1601215551687,"isBuyerMaker":true,"isBestMatch":true},{"id":423831750,"price":"10681.70000000","qty":"0.06010000","quoteQty":"641.97017000","time":1601215552725,"isBuyerMaker":true,"isBestMatch":true},{"id":423831751,"price":"10681.70000000","qty":"0.01669100","quoteQty":"178.28825470","time":1601215553120,"isBuyerMaker":true,"isBestMatch":true},{"id":423831752,"price":"10681.70000000","qty":"0.06004600","quoteQty":"641.39335820","time":1601215553767,"isBuyerMaker":true,"isBestMatch":true},{"id":423831753,"price":"10681.71000000","qty":"0.37893800","quoteQty":"4047.70582398","time":1601215554351,"isBuyerMaker":false,"isBestMatch":true},{"id":423831754,"price":"10681.70000000","qty":"0.06127500","quoteQty":"654.52116750","time":1601215554843,"isBuyerMaker":true,"isBestMatch":true},{"id":423831755,"price":"10681.71000000","qty":"0.00244300","quoteQty":"26.09541753","time":1601215555429,"isBuyerMaker":false,"isBestMatch":true},{"id":423831756,"price":"10681.70000000","qty":"0.00221600","quoteQty":"23.67064720","time":1601215555437,"isBuyerMaker":true,"isBestMatch":true},{"id":423831757,"price":"10681.70000000","qty":"0.00901700","quoteQty":"96.31688890","time":1601215555522,"isBuyerMaker":true,"isBestMatch":true},{"id":423831758,"price":"10681.70000000","qty":"0.00628600","quoteQty":"67.14516620","time":1601215555628,"isBuyerMaker":true,"isBestMatch":true},{"id":423831759,"price":"10681.71000000","qty":"0.04042500","quoteQty":"431.80812675","time":1601215555787,"isBuyerMaker":false,"isBestMatch":true},{"id":423831760,"price":"10681.70000000","qty":"0.06023300","quoteQty":"643.39083610","time":1601215555911,"isBuyerMaker":true,"isBestMatch":true},{"id":423831761,"price":"10681.71000000","qty":"0.00540000","quoteQty":"57.68123400","time":1601215555933,"isBuyerMaker":false,"isBestMatch":true},{"id":423831762,"price":"10681.70000000","qty":"0.06006500","quoteQty":"641.59631050","time":1601215556982,"isBuyerMaker":true,"isBestMatch":true},{"id":423831763,"price":"10681.71000000","qty":"0.33061600","quoteQty":"3531.54423336","time":1601215557937,"isBuyerMaker":false,"isBestMatch":true},{"id":423831764,"price":"10681.70000000","qty":"0.06026800","quoteQty":"643.76469560","time":1601215558067,"isBuyerMaker":true,"isBestMatch":true},{"id":423831765,"price":"10681.71000000","qty":"0.01530400","quoteQty":"163.47288984","time":1601215558464,"isBuyerMaker":false,"isBestMatch":true},{"id":423831766,"price":"10681.71000000","qty":"0.00207800","quoteQty":"22.19659338","time":1601215558464,"isBuyerMaker":false,"isBestMatch":true},{"id":423831767,"price":"10681.71000000","qty":"0.00705800","quoteQty":"75.39150918","time":1601215558464,"isBuyerMaker":false,"isBestMatch":true},{"id":423831768,"price":"10681.71000000","qty":"0.00001200","quoteQty":"0.12818052","time":1601215558530,"isBuyerMaker":false,"isBestMatch":true},{"id":423831769,"price":"10681.85000000","qty":"0.01530300","quoteQty":"163.46435055","time":1601215558530,"isBuyerMaker":false,"isBestMatch":true},{"id":423831770,"price":"10682.29000000","qty":"0.00767000","quoteQty":"81.93316430","time":1601215558530,"isBuyerMaker":false,"isBestMatch":true},{"id":423831771,"price":"10682.34000000","qty":"0.01534100","quoteQty":"163.87777794","time":1601215558530,"isBuyerMaker":false,"isBestMatch":true},{"id":423831772,"price":"10682.43000000","qty":"0.09397900","quoteQty":"1003.92408897","time":1601215558530,"isBuyerMaker":false,"isBestMatch":true},{"id":423831773,"price":"10682.57000000","qty":"0.04297700","quoteQty":"459.10481089","time":1601215558530,"isBuyerMaker":false,"isBestMatch":true},{"id":423831774,"price":"10682.65000000","qty":"0.03968300","quoteQty":"423.91959995","time":1601215558530,"isBuyerMaker":false,"isBestMatch":true},{"id":423831775,"price":"10682.65000000","qty":"0.02156400","quoteQty":"230.36066460","time":1601215558576,"isBuyerMaker":false,"isBestMatch":true},{"id":423831776,"price":"10682.65000000","qty":"0.08930800","quoteQty":"954.04610620","time":1601215558576,"isBuyerMaker":false,"isBestMatch":true},{"id":423831777,"price":"10682.65000000","qty":"0.00001400","quoteQty":"0.14955710","time":1601215558669,"isBuyerMaker":false,"isBestMatch":true},{"id":423831778,"price":"10682.65000000","qty":"0.04678800","quoteQty":"499.81982820","time":1601215558669,"isBuyerMaker":false,"isBestMatch":true},{"id":423831779,"price":"10682.64000000","qty":"0.02766200","quoteQty":"295.50318768","time":1601215558886,"isBuyerMaker":true,"isBestMatch":true},{"id":423831780,"price":"10682.64000000","qty":"0.01076600","quoteQty":"115.00930224","time":1601215559061,"isBuyerMaker":true,"isBestMatch":true},{"id":423831781,"price":"10682.64000000","qty":"0.04934000","quoteQty":"527.08145760","time":1601215559061,"isBuyerMaker":true,"isBestMatch":true},{"id":423831782,"price":"10682.65000000","qty":"0.12468400","quoteQty":"1331.95553260","time":1601215559081,"isBuyerMaker":false,"isBestMatch":true},{"id":423831783,"price":"10682.65000000","qty":"0.03207100","quoteQty":"342.60326815","time":1601215559184,"isBuyerMaker":false,"isBestMatch":true},{"id":423831784,"price":"10682.65000000","qty":"0.01133100","quoteQty":"121.04510715","time":1601215559422,"isBuyerMaker":false,"isBestMatch":true},{"id":423831785,"price":"10682.65000000","qty":"0.01133100","quoteQty":"121.04510715","time":1601215559423,"isBuyerMaker":false,"isBestMatch":true},{"id":423831786,"price":"10682.65000000","qty":"0.01133100","quoteQty":"121.04510715","time":1601215559423,"isBuyerMaker":false,"isBestMatch":true},{"id":423831787,"price":"10682.65000000","qty":"0.01133100","quoteQty":"121.04510715","time":1601215559423,"isBuyerMaker":false,"isBestMatch":true},{"id":423831788,"price":"10682.65000000","qty":"0.01133100","quoteQty":"121.04510715","time":1601215559423,"isBuyerMaker":false,"isBestMatch":true},{"id":423831789,"price":"10682.65000000","qty":"0.01133100","quoteQty":"121.04510715","time":1601215559424,"isBuyerMaker":false,"isBestMatch":true},{"id":423831790,"price":"10682.65000000","qty":"0.01133100","quoteQty":"121.04510715","time":1601215559424,"isBuyerMaker":false,"isBestMatch":true},{"id":423831791,"price":"10682.65000000","qty":"0.01133100","quoteQty":"121.04510715","time":1601215559424,"isBuyerMaker":false,"isBestMatch":true},{"id":423831792,"price":"10682.65000000","qty":"0.01133100","quoteQty":"121.04510715","time":1601215559425,"isBuyerMaker":false,"isBestMatch":true},{"id":423831793,"price":"10682.65000000","qty":"0.01133100","quoteQty":"121.04510715","time":1601215559425,"isBuyerMaker":false,"isBestMatch":true},{"id":423831794,"price":"10682.65000000","qty":"0.01133100","quoteQty":"121.04510715","time":1601215559425,"isBuyerMaker":false,"isBestMatch":true},{"id":423831795,"price":"10682.65000000","qty":"0.01133100","quoteQty":"121.04510715","time":1601215559425,"isBuyerMaker":false,"isBestMatch":true},{"id":423831796,"price":"10682.65000000","qty":"0.01133100","quoteQty":"121.04510715","time":1601215559425,"isBuyerMaker":false,"isBestMatch":true},{"id":423831797,"price":"10682.65000000","qty":"0.01133100","quoteQty":"121.04510715","time":1601215559425,"isBuyerMaker":false,"isBestMatch":true},{"id":423831798,"price":"10682.65000000","qty":"0.01133100","quoteQty":"121.04510715","time":1601215559425,"isBuyerMaker":false,"isBestMatch":true},{"id":423831799,"price":"10682.65000000","qty":"0.01133100","quoteQty":"121.04510715","time":1601215559426,"isBuyerMaker":false,"isBestMatch":true},{"id":423831800,"price":"10682.65000000","qty":"0.01133100","quoteQty":"121.04510715","time":1601215559426,"isBuyerMaker":false,"isBestMatch":true},{"id":423831801,"price":"10682.65000000","qty":"0.01133100","quoteQty":"121.04510715","time":1601215559427,"isBuyerMaker":false,"isBestMatch":true},{"id":423831802,"price":"10682.65000000","qty":"0.01133100","quoteQty":"121.04510715","time":1601215559427,"isBuyerMaker":false,"isBestMatch":true},{"id":423831803,"price":"10682.65000000","qty":"0.01133100","quoteQty":"121.04510715","time":1601215559427,"isBuyerMaker":false,"isBestMatch":true},{"id":423831804,"price":"10682.65000000","qty":"0.01133100","quoteQty":"121.04510715","time":1601215559427,"isBuyerMaker":false,"isBestMatch":true},{"id":423831805,"price":"10682.65000000","qty":"0.01133100","quoteQty":"121.04510715","time":1601215559427,"isBuyerMaker":false,"isBestMatch":true},{"id":423831806,"price":"10682.65000000","qty":"0.01133100","quoteQty":"121.04510715","time":1601215559427,"isBuyerMaker":false,"isBestMatch":true},{"id":423831807,"price":"10682.65000000","qty":"0.01133100","quoteQty":"121.04510715","time":1601215559427,"isBuyerMaker":false,"isBestMatch":true},{"id":423831808,"price":"10682.65000000","qty":"0.01133100","quoteQty":"121.04510715","time":1601215559427,"isBuyerMaker":false,"isBestMatch":true},{"id":423831809,"price":"10682.65000000","qty":"0.01133100","quoteQty":"121.04510715","time":1601215559427,"isBuyerMaker":false,"isBestMatch":true},{"id":423831810,"price":"10682.65000000","qty":"0.01133100","quoteQty":"121.04510715","time":1601215559427,"isBuyerMaker":false,"isBestMatch":true},{"id":423831811,"price":"10682.65000000","qty":"0.01133100","quoteQty":"121.04510715","time":1601215559427,"isBuyerMaker":false,"isBestMatch":true},{"id":423831812,"price":"10682.65000000","qty":"0.01133100","quoteQty":"121.04510715","time":1601215559428,"isBuyerMaker":false,"isBestMatch":true},{"id":423831813,"price":"10682.65000000","qty":"0.01133100","quoteQty":"121.04510715","time":1601215559428,"isBuyerMaker":false,"isBestMatch":true},{"id":423831814,"price":"10682.65000000","qty":"0.01133100","quoteQty":"121.04510715","time":1601215559428,"isBuyerMaker":false,"isBestMatch":true},{"id":423831815,"price":"10682.65000000","qty":"0.01133100","quoteQty":"121.04510715","time":1601215559428,"isBuyerMaker":false,"isBestMatch":true},{"id":423831816,"price":"10682.65000000","qty":"0.01133100","quoteQty":"121.04510715","time":1601215559428,"isBuyerMaker":false,"isBestMatch":true},{"id":423831817,"price":"10682.65000000","qty":"0.01133100","quoteQty":"121.04510715","time":1601215559429,"isBuyerMaker":false,"isBestMatch":true},{"id":423831818,"price":"10682.65000000","qty":"0.01133100","quoteQty":"121.04510715","time":1601215559429,"isBuyerMaker":false,"isBestMatch":true},{"id":423831819,"price":"10682.65000000","qty":"0.01133100","quoteQty":"121.04510715","time":1601215559429,"isBuyerMaker":false,"isBestMatch":true},{"id":423831820,"price":"10682.65000000","qty":"0.01133100","quoteQty":"121.04510715","time":1601215559430,"isBuyerMaker":false,"isBestMatch":true},{"id":423831821,"price":"10682.65000000","qty":"0.01133100","quoteQty":"121.04510715","time":1601215559430,"isBuyerMaker":false,"isBestMatch":true},{"id":423831822,"price":"10682.65000000","qty":"0.01133100","quoteQty":"121.04510715","time":1601215559431,"isBuyerMaker":false,"isBestMatch":true},{"id":423831823,"price":"10682.65000000","qty":"0.01133100","quoteQty":"121.04510715","time":1601215559432,"isBuyerMaker":false,"isBestMatch":true},{"id":423831824,"price":"10682.65000000","qty":"0.01020600","quoteQty":"109.02712590","time":1601215559432,"isBuyerMaker":false,"isBestMatch":true},{"id":423831825,"price":"10682.65000000","qty":"0.01133100","quoteQty":"121.04510715","time":1601215559434,"isBuyerMaker":false,"isBestMatch":true},{"id":423831826,"price":"10682.65000000","qty":"0.01133100","quoteQty":"121.04510715","time":1601215559435,"isBuyerMaker":false,"isBestMatch":true},{"id":423831827,"price":"10682.65000000","qty":"0.01133100","quoteQty":"121.04510715","time":1601215559435,"isBuyerMaker":false,"isBestMatch":true},{"id":423831828,"price":"10682.65000000","qty":"0.01133100","quoteQty":"121.04510715","time":1601215559435,"isBuyerMaker":false,"isBestMatch":true},{"id":423831829,"price":"10682.65000000","qty":"0.01133100","quoteQty":"121.04510715","time":1601215559449,"isBuyerMaker":false,"isBestMatch":true},{"id":423831830,"price":"10682.65000000","qty":"0.01557700","quoteQty":"166.40363905","time":1601215559505,"isBuyerMaker":false,"isBestMatch":true},{"id":423831831,"price":"10682.65000000","qty":"0.00107900","quoteQty":"11.52657935","time":1601215559871,"isBuyerMaker":false,"isBestMatch":true},{"id":423831832,"price":"10682.65000000","qty":"0.10503200","quoteQty":"1122.02009480","time":1601215560034,"isBuyerMaker":false,"isBestMatch":true},{"id":423831833,"price":"10682.64000000","qty":"0.06000500","quoteQty":"641.01181320","time":1601215560071,"isBuyerMaker":true,"isBestMatch":true},{"id":423831834,"price":"10682.65000000","qty":"0.00436000","quoteQty":"46.57635400","time":1601215560151,"isBuyerMaker":false,"isBestMatch":true},{"id":423831835,"price":"10682.65000000","qty":"0.37286200","quoteQty":"3983.15424430","time":1601215560418,"isBuyerMaker":false,"isBestMatch":true},{"id":423831836,"price":"10682.65000000","qty":"0.00902300","quoteQty":"96.38955095","time":1601215560482,"isBuyerMaker":false,"isBestMatch":true},{"id":423831837,"price":"10682.65000000","qty":"0.00630000","quoteQty":"67.30069500","time":1601215560580,"isBuyerMaker":false,"isBestMatch":true},{"id":423831838,"price":"10682.75000000","qty":"0.01534100","quoteQty":"163.88406775","time":1601215560580,"isBuyerMaker":false,"isBestMatch":true},{"id":423831839,"price":"10682.84000000","qty":"0.01534100","quoteQty":"163.88544844","time":1601215560580,"isBuyerMaker":false,"isBestMatch":true},{"id":423831840,"price":"10682.94000000","qty":"0.00779800","quoteQty":"83.30556612","time":1601215560580,"isBuyerMaker":false,"isBestMatch":true},{"id":423831841,"price":"10682.94000000","qty":"0.00220200","quoteQty":"23.52383388","time":1601215560671,"isBuyerMaker":false,"isBestMatch":true},{"id":423831842,"price":"10682.94000000","qty":"0.01533600","quoteQty":"163.83356784","time":1601215560671,"isBuyerMaker":false,"isBestMatch":true},{"id":423831843,"price":"10682.93000000","qty":"0.19950000","quoteQty":"2131.24453500","time":1601215562457,"isBuyerMaker":true,"isBestMatch":true},{"id":423831844,"price":"10682.93000000","qty":"0.16294600","quoteQty":"1740.74071178","time":1601215562457,"isBuyerMaker":true,"isBestMatch":true},{"id":423831845,"price":"10682.93000000","qty":"0.03302300","quoteQty":"352.78239739","time":1601215562554,"isBuyerMaker":true,"isBestMatch":true},{"id":423831846,"price":"10682.94000000","qty":"0.00002500","quoteQty":"0.26707350","time":1601215562767,"isBuyerMaker":false,"isBestMatch":true},{"id":423831847,"price":"10682.94000000","qty":"0.04088800","quoteQty":"436.80405072","time":1601215562767,"isBuyerMaker":false,"isBestMatch":true},{"id":423831848,"price":"10682.94000000","qty":"0.00269000","quoteQty":"28.73710860","time":1601215562883,"isBuyerMaker":false,"isBestMatch":true},{"id":423831849,"price":"10682.80000000","qty":"0.01530400","quoteQty":"163.48957120","time":1601215563194,"isBuyerMaker":true,"isBestMatch":true},{"id":423831850,"price":"10682.80000000","qty":"0.18711800","quoteQty":"1998.94417040","time":1601215563194,"isBuyerMaker":true,"isBestMatch":true},{"id":423831851,"price":"10682.79000000","qty":"0.01536100","quoteQty":"164.09833719","time":1601215563375,"isBuyerMaker":true,"isBestMatch":true},{"id":423831852,"price":"10682.74000000","qty":"0.01000500","quoteQty":"106.88081370","time":1601215563375,"isBuyerMaker":true,"isBestMatch":true},{"id":423831853,"price":"10682.75000000","qty":"0.00595100","quoteQty":"63.57304525","time":1601215563403,"isBuyerMaker":false,"isBestMatch":true},{"id":423831854,"price":"10682.74000000","qty":"0.06052600","quoteQty":"646.58352124","time":1601215564161,"isBuyerMaker":true,"isBestMatch":true},{"id":423831855,"price":"10682.74000000","qty":"0.01879100","quoteQty":"200.73936734","time":1601215564921,"isBuyerMaker":true,"isBestMatch":true},{"id":423831856,"price":"10682.74000000","qty":"0.00142700","quoteQty":"15.24426998","time":1601215564921,"isBuyerMaker":true,"isBestMatch":true},{"id":423831857,"price":"10682.74000000","qty":"0.04007700","quoteQty":"428.13217098","time":1601215564921,"isBuyerMaker":true,"isBestMatch":true},{"id":423831858,"price":"10682.74000000","qty":"0.00104600","quoteQty":"11.17414604","time":1601215564954,"isBuyerMaker":true,"isBestMatch":true},{"id":423831859,"price":"10682.74000000","qty":"0.01440300","quoteQty":"153.86350422","time":1601215565295,"isBuyerMaker":true,"isBestMatch":true},{"id":423831860,"price":"10682.75000000","qty":"0.01430600","quoteQty":"152.82742150","time":1601215565329,"isBuyerMaker":false,"isBestMatch":true},{"id":423831861,"price":"10682.74000000","qty":"0.01427700","quoteQty":"152.51747898","time":1601215565367,"isBuyerMaker":true,"isBestMatch":true},{"id":423831862,"price":"10682.74000000","qty":"0.06059700","quoteQty":"647.34199578","time":1601215565700,"isBuyerMaker":true,"isBestMatch":true},{"id":423831863,"price":"10682.74000000","qty":"0.00274000","quoteQty":"29.27070760","time":1601215565852,"isBuyerMaker":true,"isBestMatch":true},{"id":423831864,"price":"10682.75000000","qty":"0.05272900","quoteQty":"563.29072475","time":1601215566001,"isBuyerMaker":false,"isBestMatch":true},{"id":423831865,"price":"10682.75000000","qty":"0.05222900","quoteQty":"557.94934975","time":1601215566104,"isBuyerMaker":false,"isBestMatch":true},{"id":423831866,"price":"10682.75000000","qty":"0.04860600","quoteQty":"519.24574650","time":1601215566212,"isBuyerMaker":false,"isBestMatch":true},{"id":423831867,"price":"10682.75000000","qty":"0.04210800","quoteQty":"449.82923700","time":1601215566322,"isBuyerMaker":false,"isBestMatch":true},{"id":423831868,"price":"10682.74000000","qty":"0.06033700","quoteQty":"644.56448338","time":1601215566477,"isBuyerMaker":true,"isBestMatch":true},{"id":423831869,"price":"10682.74000000","qty":"0.05602500","quoteQty":"598.50050850","time":1601215566509,"isBuyerMaker":true,"isBestMatch":true},{"id":423831870,"price":"10682.74000000","qty":"0.06008700","quoteQty":"641.89379838","time":1601215567254,"isBuyerMaker":true,"isBestMatch":true},{"id":423831871,"price":"10682.47000000","qty":"0.00927900","quoteQty":"99.12263913","time":1601215567505,"isBuyerMaker":true,"isBestMatch":true},{"id":423831872,"price":"10682.47000000","qty":"0.00594800","quoteQty":"63.53933156","time":1601215568056,"isBuyerMaker":true,"isBestMatch":true},{"id":423831873,"price":"10682.17000000","qty":"0.01532300","quoteQty":"163.68289091","time":1601215568056,"isBuyerMaker":true,"isBestMatch":true},{"id":423831874,"price":"10681.92000000","qty":"0.03901200","quoteQty":"416.72306304","time":1601215568056,"isBuyerMaker":true,"isBestMatch":true},{"id":423831875,"price":"10681.75000000","qty":"0.00827700","quoteQty":"88.41284475","time":1601215568099,"isBuyerMaker":false,"isBestMatch":true},{"id":423831876,"price":"10681.75000000","qty":"0.00500000","quoteQty":"53.40875000","time":1601215568206,"isBuyerMaker":false,"isBestMatch":true},{"id":423831877,"price":"10681.75000000","qty":"0.00116500","quoteQty":"12.44423875","time":1601215568334,"isBuyerMaker":false,"isBestMatch":true},{"id":423831878,"price":"10681.75000000","qty":"0.02974300","quoteQty":"317.70729025","time":1601215568431,"isBuyerMaker":false,"isBestMatch":true},{"id":423831879,"price":"10681.74000000","qty":"0.01526500","quoteQty":"163.05676110","time":1601215568909,"isBuyerMaker":true,"isBestMatch":true},{"id":423831880,"price":"10681.74000000","qty":"0.04508700","quoteQty":"481.60761138","time":1601215568909,"isBuyerMaker":true,"isBestMatch":true},{"id":423831881,"price":"10681.75000000","qty":"0.05056500","quoteQty":"540.12268875","time":1601215569502,"isBuyerMaker":false,"isBestMatch":true},{"id":423831882,"price":"10681.75000000","qty":"0.05182500","quoteQty":"553.58169375","time":1601215569608,"isBuyerMaker":false,"isBestMatch":true},{"id":423831883,"price":"10681.75000000","qty":"0.02958300","quoteQty":"315.99821025","time":1601215569615,"isBuyerMaker":false,"isBestMatch":true},{"id":423831884,"price":"10681.75000000","qty":"0.01405100","quoteQty":"150.08926925","time":1601215569719,"isBuyerMaker":false,"isBestMatch":true},{"id":423831885,"price":"10681.74000000","qty":"0.06003800","quoteQty":"641.31030612","time":1601215569757,"isBuyerMaker":true,"isBestMatch":true},{"id":423831886,"price":"10681.74000000","qty":"0.06023200","quoteQty":"643.38256368","time":1601215570621,"isBuyerMaker":true,"isBestMatch":true},{"id":423831887,"price":"10681.75000000","qty":"0.00327600","quoteQty":"34.99341300","time":1601215570839,"isBuyerMaker":false,"isBestMatch":true},{"id":423831888,"price":"10681.74000000","qty":"0.06012100","quoteQty":"642.19689054","time":1601215571527,"isBuyerMaker":true,"isBestMatch":true},{"id":423831889,"price":"10681.74000000","qty":"0.06053900","quoteQty":"646.66185786","time":1601215572450,"isBuyerMaker":true,"isBestMatch":true},{"id":423831890,"price":"10681.75000000","qty":"0.00722500","quoteQty":"77.17564375","time":1601215573311,"isBuyerMaker":false,"isBestMatch":true},{"id":423831891,"price":"10681.88000000","qty":"0.00477100","quoteQty":"50.96324948","time":1601215573311,"isBuyerMaker":false,"isBestMatch":true},{"id":423831892,"price":"10681.87000000","qty":"0.06027000","quoteQty":"643.79630490","time":1601215573348,"isBuyerMaker":true,"isBestMatch":true},{"id":423831893,"price":"10681.87000000","qty":"0.06000200","quoteQty":"640.93356374","time":1601215573362,"isBuyerMaker":true,"isBestMatch":true},{"id":423831894,"price":"10681.87000000","qty":"0.07922800","quoteQty":"846.30319636","time":1601215573605,"isBuyerMaker":true,"isBestMatch":true},{"id":423831895,"price":"10681.87000000","qty":"0.02240800","quoteQty":"239.35934296","time":1601215573605,"isBuyerMaker":true,"isBestMatch":true},{"id":423831896,"price":"10681.87000000","qty":"0.00146400","quoteQty":"15.63825768","time":1601215573605,"isBuyerMaker":true,"isBestMatch":true},{"id":423831897,"price":"10681.88000000","qty":"0.18122900","quoteQty":"1935.86643052","time":1601215573648,"isBuyerMaker":false,"isBestMatch":true},{"id":423831898,"price":"10681.88000000","qty":"0.01526400","quoteQty":"163.04821632","time":1601215573648,"isBuyerMaker":false,"isBestMatch":true},{"id":423831899,"price":"10681.87000000","qty":"0.06017700","quoteQty":"642.80289099","time":1601215574287,"isBuyerMaker":true,"isBestMatch":true},{"id":423831900,"price":"10681.87000000","qty":"0.06067300","quoteQty":"648.10109851","time":1601215575213,"isBuyerMaker":true,"isBestMatch":true},{"id":423831901,"price":"10681.87000000","qty":"0.00150200","quoteQty":"16.04416874","time":1601215575231,"isBuyerMaker":true,"isBestMatch":true},{"id":423831902,"price":"10681.87000000","qty":"0.06029900","quoteQty":"644.10607913","time":1601215576153,"isBuyerMaker":true,"isBestMatch":true},{"id":423831903,"price":"10681.87000000","qty":"0.01538500","quoteQty":"164.34056995","time":1601215576975,"isBuyerMaker":true,"isBestMatch":true},{"id":423831904,"price":"10681.87000000","qty":"0.00103800","quoteQty":"11.08778106","time":1601215576975,"isBuyerMaker":true,"isBestMatch":true},{"id":423831905,"price":"10681.87000000","qty":"0.06009400","quoteQty":"641.91629578","time":1601215577153,"isBuyerMaker":true,"isBestMatch":true},{"id":423831906,"price":"10681.87000000","qty":"0.08324000","quoteQty":"889.15885880","time":1601215577648,"isBuyerMaker":true,"isBestMatch":true},{"id":423831907,"price":"10681.87000000","qty":"0.06010200","quoteQty":"642.00175074","time":1601215578063,"isBuyerMaker":true,"isBestMatch":true},{"id":423831908,"price":"10681.87000000","qty":"0.05700000","quoteQty":"608.86659000","time":1601215578814,"isBuyerMaker":true,"isBestMatch":true},{"id":423831909,"price":"10681.88000000","qty":"0.00000100","quoteQty":"0.01068188","time":1601215579751,"isBuyerMaker":false,"isBestMatch":true},{"id":423831910,"price":"10682.21000000","qty":"0.01526500","quoteQty":"163.06393565","time":1601215579751,"isBuyerMaker":false,"isBestMatch":true},{"id":423831911,"price":"10682.48000000","qty":"0.01522700","quoteQty":"162.66212296","time":1601215579751,"isBuyerMaker":false,"isBestMatch":true},{"id":423831912,"price":"10682.74000000","qty":"0.04364500","quoteQty":"466.24818730","time":1601215579751,"isBuyerMaker":false,"isBestMatch":true},{"id":423831913,"price":"10682.74000000","qty":"0.11808300","quoteQty":"1261.44998742","time":1601215579751,"isBuyerMaker":false,"isBestMatch":true},{"id":423831914,"price":"10682.73000000","qty":"0.11376400","quoteQty":"1215.31009572","time":1601215579778,"isBuyerMaker":true,"isBestMatch":true},{"id":423831915,"price":"10682.74000000","qty":"0.01887000","quoteQty":"201.58330380","time":1601215579816,"isBuyerMaker":false,"isBestMatch":true},{"id":423831916,"price":"10682.74000000","qty":"0.00359300","quoteQty":"38.38308482","time":1601215580162,"isBuyerMaker":false,"isBestMatch":true},{"id":423831917,"price":"10682.73000000","qty":"0.06007300","quoteQty":"641.74363929","time":1601215580705,"isBuyerMaker":true,"isBestMatch":true},{"id":423831918,"price":"10682.73000000","qty":"0.04803600","quoteQty":"513.15561828","time":1601215580964,"isBuyerMaker":true,"isBestMatch":true},{"id":423831919,"price":"10682.30000000","qty":"0.00109600","quoteQty":"11.70780080","time":1601215582499,"isBuyerMaker":true,"isBestMatch":true},{"id":423831920,"price":"10682.31000000","qty":"0.00802400","quoteQty":"85.71485544","time":1601215582859,"isBuyerMaker":false,"isBestMatch":true},{"id":423831921,"price":"10682.31000000","qty":"0.00677600","quoteQty":"72.38333256","time":1601215582925,"isBuyerMaker":false,"isBestMatch":true},{"id":423831922,"price":"10682.31000000","qty":"0.00806700","quoteQty":"86.17419477","time":1601215583182,"isBuyerMaker":false,"isBestMatch":true},{"id":423831923,"price":"10682.31000000","qty":"0.00630200","quoteQty":"67.31991762","time":1601215583295,"isBuyerMaker":false,"isBestMatch":true},{"id":423831924,"price":"10682.31000000","qty":"0.03151900","quoteQty":"336.69572889","time":1601215583401,"isBuyerMaker":false,"isBestMatch":true},{"id":423831925,"price":"10682.31000000","qty":"0.00014800","quoteQty":"1.58098188","time":1601215583507,"isBuyerMaker":false,"isBestMatch":true},{"id":423831926,"price":"10682.31000000","qty":"0.01758100","quoteQty":"187.80569211","time":1601215583507,"isBuyerMaker":false,"isBestMatch":true},{"id":423831927,"price":"10682.52000000","qty":"0.19060300","quoteQty":"2036.12035956","time":1601215583822,"isBuyerMaker":true,"isBestMatch":true},{"id":423831928,"price":"10682.53000000","qty":"0.01530400","quoteQty":"163.48543912","time":1601215584262,"isBuyerMaker":false,"isBestMatch":true},{"id":423831929,"price":"10682.53000000","qty":"0.01524400","quoteQty":"162.84448732","time":1601215584262,"isBuyerMaker":false,"isBestMatch":true},{"id":423831930,"price":"10682.53000000","qty":"0.00001700","quoteQty":"0.18160301","time":1601215584286,"isBuyerMaker":false,"isBestMatch":true},{"id":423831931,"price":"10682.74000000","qty":"0.00279100","quoteQty":"29.81552734","time":1601215584286,"isBuyerMaker":false,"isBestMatch":true},{"id":423831932,"price":"10682.52000000","qty":"0.00217300","quoteQty":"23.21311596","time":1601215584287,"isBuyerMaker":true,"isBestMatch":true},{"id":423831933,"price":"10682.73000000","qty":"0.06004900","quoteQty":"641.48725377","time":1601215584816,"isBuyerMaker":true,"isBestMatch":true},{"id":423831934,"price":"10682.73000000","qty":"0.02087500","quoteQty":"223.00198875","time":1601215584924,"isBuyerMaker":true,"isBestMatch":true},{"id":423831935,"price":"10682.73000000","qty":"0.06015400","quoteQty":"642.60894042","time":1601215585817,"isBuyerMaker":true,"isBestMatch":true},{"id":423831936,"price":"10682.74000000","qty":"0.00893900","quoteQty":"95.49301286","time":1601215586148,"isBuyerMaker":false,"isBestMatch":true},{"id":423831937,"price":"10682.74000000","qty":"0.01526200","quoteQty":"163.03997788","time":1601215586148,"isBuyerMaker":false,"isBestMatch":true},{"id":423831938,"price":"10682.74000000","qty":"0.02453100","quoteQty":"262.05829494","time":1601215586148,"isBuyerMaker":false,"isBestMatch":true},{"id":423831939,"price":"10682.74000000","qty":"0.03562100","quoteQty":"380.52988154","time":1601215586157,"isBuyerMaker":false,"isBestMatch":true},{"id":423831940,"price":"10682.73000000","qty":"0.05842200","quoteQty":"624.10645206","time":1601215586828,"isBuyerMaker":true,"isBestMatch":true},{"id":423831941,"price":"10682.73000000","qty":"0.00185000","quoteQty":"19.76305050","time":1601215586828,"isBuyerMaker":true,"isBestMatch":true},{"id":423831942,"price":"10682.73000000","qty":"0.06041200","quoteQty":"645.36508476","time":1601215587851,"isBuyerMaker":true,"isBestMatch":true},{"id":423831943,"price":"10682.73000000","qty":"0.01299700","quoteQty":"138.84344181","time":1601215588025,"isBuyerMaker":true,"isBestMatch":true},{"id":423831944,"price":"10682.73000000","qty":"0.06017000","quoteQty":"642.77986410","time":1601215588876,"isBuyerMaker":true,"isBestMatch":true},{"id":423831945,"price":"10682.63000000","qty":"0.01526200","quoteQty":"163.03829906","time":1601215589917,"isBuyerMaker":true,"isBestMatch":true},{"id":423831946,"price":"10682.52000000","qty":"0.04489500","quoteQty":"479.59173540","time":1601215589917,"isBuyerMaker":true,"isBestMatch":true},{"id":423831947,"price":"10682.53000000","qty":"0.00103900","quoteQty":"11.09914867","time":1601215590668,"isBuyerMaker":false,"isBestMatch":true},{"id":423831948,"price":"10682.52000000","qty":"0.00109800","quoteQty":"11.72940696","time":1601215590708,"isBuyerMaker":true,"isBestMatch":true},{"id":423831949,"price":"10682.52000000","qty":"0.01292100","quoteQty":"138.02884092","time":1601215590968,"isBuyerMaker":true,"isBestMatch":true},{"id":423831950,"price":"10682.52000000","qty":"0.04709900","quoteQty":"503.13600948","time":1601215590968,"isBuyerMaker":true,"isBestMatch":true},{"id":423831951,"price":"10682.52000000","qty":"0.01326300","quoteQty":"141.68226276","time":1601215590986,"isBuyerMaker":true,"isBestMatch":true},{"id":423831952,"price":"10682.53000000","qty":"0.04385600","quoteQty":"468.49303568","time":1601215591243,"isBuyerMaker":false,"isBestMatch":true},{"id":423831953,"price":"10682.53000000","qty":"0.10437200","quoteQty":"1114.95702116","time":1601215591243,"isBuyerMaker":false,"isBestMatch":true},{"id":423831954,"price":"10682.52000000","qty":"0.06013300","quoteQty":"642.37197516","time":1601215591824,"isBuyerMaker":true,"isBestMatch":true},{"id":423831955,"price":"10682.53000000","qty":"0.01773800","quoteQty":"189.48671714","time":1601215592274,"isBuyerMaker":false,"isBestMatch":true},{"id":423831956,"price":"10682.53000000","qty":"0.11436200","quoteQty":"1221.67549586","time":1601215592274,"isBuyerMaker":false,"isBestMatch":true},{"id":423831957,"price":"10682.63000000","qty":"0.03430900","quoteQty":"366.51035267","time":1601215592301,"isBuyerMaker":true,"isBestMatch":true},{"id":423831958,"price":"10682.63000000","qty":"0.01260300","quoteQty":"134.63318589","time":1601215592408,"isBuyerMaker":true,"isBestMatch":true},{"id":423831959,"price":"10682.63000000","qty":"0.01299700","quoteQty":"138.84214211","time":1601215592432,"isBuyerMaker":true,"isBestMatch":true},{"id":423831960,"price":"10682.63000000","qty":"0.06035400","quoteQty":"644.73945102","time":1601215592671,"isBuyerMaker":true,"isBestMatch":true},{"id":423831961,"price":"10682.64000000","qty":"0.04880600","quoteQty":"521.37692784","time":1601215592842,"isBuyerMaker":false,"isBestMatch":true},{"id":423831962,"price":"10682.64000000","qty":"0.04051600","quoteQty":"432.81784224","time":1601215593004,"isBuyerMaker":false,"isBestMatch":true},{"id":423831963,"price":"10682.64000000","qty":"0.19320900","quoteQty":"2063.98219176","time":1601215593004,"isBuyerMaker":false,"isBestMatch":true},{"id":423831964,"price":"10682.64000000","qty":"0.00472300","quoteQty":"50.45410872","time":1601215593210,"isBuyerMaker":false,"isBestMatch":true},{"id":423831965,"price":"10682.64000000","qty":"0.04000000","quoteQty":"427.30560000","time":1601215593331,"isBuyerMaker":false,"isBestMatch":true},{"id":423831966,"price":"10682.74000000","qty":"0.10037300","quoteQty":"1072.25866202","time":1601215593331,"isBuyerMaker":false,"isBestMatch":true},{"id":423831967,"price":"10682.74000000","qty":"0.18045300","quoteQty":"1927.73248122","time":1601215593338,"isBuyerMaker":false,"isBestMatch":true},{"id":423831968,"price":"10682.75000000","qty":"0.05350100","quoteQty":"571.53780775","time":1601215593338,"isBuyerMaker":false,"isBestMatch":true},{"id":423831969,"price":"10682.74000000","qty":"0.06020400","quoteQty":"643.14367896","time":1601215593554,"isBuyerMaker":true,"isBestMatch":true},{"id":423831970,"price":"10682.75000000","qty":"0.04069300","quoteQty":"434.71314575","time":1601215593605,"isBuyerMaker":false,"isBestMatch":true},{"id":423831971,"price":"10682.75000000","qty":"0.00000600","quoteQty":"0.06409650","time":1601215593819,"isBuyerMaker":false,"isBestMatch":true},{"id":423831972,"price":"10682.88000000","qty":"0.01529300","quoteQty":"163.37328384","time":1601215593932,"isBuyerMaker":false,"isBestMatch":true},{"id":423831973,"price":"10682.87000000","qty":"0.06036800","quoteQty":"644.90349616","time":1601215594443,"isBuyerMaker":true,"isBestMatch":true},{"id":423831974,"price":"10682.87000000","qty":"0.06002800","quoteQty":"641.27132036","time":1601215595325,"isBuyerMaker":true,"isBestMatch":true},{"id":423831975,"price":"10682.87000000","qty":"0.00393900","quoteQty":"42.07982493","time":1601215595418,"isBuyerMaker":true,"isBestMatch":true}