[{"id":423833815,"price":"10669.97000000","qty":"0.01405200","quoteQty":"149.93441844","time":1601215914010,"isBuyerMaker":true,"isBestMatch":true},{"id":423833816,"price":"10669.97000000","qty":"0.01944800","quoteQty":"207.50957656","time":1601215914010,"isBuyerMaker":true,"isBestMatch":true},{"id":423833817,"price":"10669.97000000","qty":"0.32874000","quoteQty":"3507.64593780","time":1601215914106,"isBuyerMaker":true,"isBestMatch":true},{"id":423833818,"price":"10669.91000000","qty":"0.03771400","quoteQty":"402.40498574","time":1601215914435,"isBuyerMaker":true,"isBestMatch":true},{"id":423833819,"price":"10669.83000000","qty":"0.01640400","quoteQty":"175.02789132","time":1601215915137,"isBuyerMaker":false,"isBestMatch":true},{"id":423833820,"price":"10669.83000000","qty":"0.04326200","quoteQty":"461.59818546","time":1601215915137,"isBuyerMaker":false,"isBestMatch":true},{"id":423833821,"price":"10669.82000000","qty":"0.01640400","quoteQty":"175.02772728","time":1601215915168,"isBuyerMaker":true,"isBestMatch":true},{"id":423833822,"price":"10669.82000000","qty":"0.28012400","quoteQty":"2988.87265768","time":1601215915168,"isBuyerMaker":true,"isBestMatch":true},{"id":423833823,"price":"10669.72000000","qty":"0.08932200","quoteQty":"953.04072984","time":1601215915585,"isBuyerMaker":true,"isBestMatch":true},{"id":423833824,"price":"10669.72000000","qty":"0.04253900","quoteQty":"453.87921908","time":1601215915585,"isBuyerMaker":true,"isBestMatch":true},{"id":423833825,"price":"10669.52000000","qty":"0.28740500","quoteQty":"3066.47339560","time":1601215916311,"isBuyerMaker":true,"isBestMatch":true},{"id":423833826,"price":"10669.52000000","qty":"0.02401700","quoteQty":"256.24986184","time":1601215916311,"isBuyerMaker":true,"isBestMatch":true},{"id":423833827,"price":"10669.52000000","qty":"0.01635800","quoteQty":"174.53200816","time":1601215916311,"isBuyerMaker":true,"isBestMatch":true},{"id":423833828,"price":"10669.53000000","qty":"0.00131200","quoteQty":"13.99842336","time":1601215918091,"isBuyerMaker":false,"isBestMatch":true},{"id":423833829,"price":"10669.52000000","qty":"0.00000700","quoteQty":"0.07468664","time":1601215920564,"isBuyerMaker":true,"isBestMatch":true},{"id":423833830,"price":"10669.41000000","qty":"0.01642500","quoteQty":"175.24505925","time":1601215920564,"isBuyerMaker":true,"isBestMatch":true},{"id":423833831,"price":"10668.94000000","qty":"0.00653900","quoteQty":"69.76419866","time":1601215920564,"isBuyerMaker":true,"isBestMatch":true},{"id":423833832,"price":"10668.86000000","qty":"0.01524300","quoteQty":"162.62543298","time":1601215920564,"isBuyerMaker":true,"isBestMatch":true},{"id":423833833,"price":"10668.74000000","qty":"0.01665500","quoteQty":"177.68786470","time":1601215920564,"isBuyerMaker":true,"isBestMatch":true},{"id":423833834,"price":"10668.74000000","qty":"0.01000000","quoteQty":"106.68740000","time":1601215920564,"isBuyerMaker":true,"isBestMatch":true},{"id":423833835,"price":"10668.65000000","qty":"0.02131100","quoteQty":"227.35960015","time":1601215920564,"isBuyerMaker":true,"isBestMatch":true},{"id":423833836,"price":"10668.66000000","qty":"0.19950000","quoteQty":"2128.39767000","time":1601215920640,"isBuyerMaker":false,"isBestMatch":true},{"id":423833837,"price":"10668.66000000","qty":"0.00227500","quoteQty":"24.27120150","time":1601215920640,"isBuyerMaker":false,"isBestMatch":true},{"id":423833838,"price":"10668.66000000","qty":"0.00500000","quoteQty":"53.34330000","time":1601215920732,"isBuyerMaker":false,"isBestMatch":true},{"id":423833839,"price":"10668.66000000","qty":"0.00500000","quoteQty":"53.34330000","time":1601215920840,"isBuyerMaker":false,"isBestMatch":true},{"id":423833840,"price":"10668.65000000","qty":"0.00335300","quoteQty":"35.77198345","time":1601215920877,"isBuyerMaker":true,"isBestMatch":true},{"id":423833841,"price":"10668.88000000","qty":"0.00500000","quoteQty":"53.34440000","time":1601215920943,"isBuyerMaker":false,"isBestMatch":true},{"id":423833842,"price":"10668.87000000","qty":"0.01638600","quoteQty":"174.82010382","time":1601215921067,"isBuyerMaker":true,"isBestMatch":true},{"id":423833843,"price":"10668.87000000","qty":"0.16603100","quoteQty":"1771.36315497","time":1601215921067,"isBuyerMaker":true,"isBestMatch":true},{"id":423833844,"price":"10668.88000000","qty":"0.00500000","quoteQty":"53.34440000","time":1601215921068,"isBuyerMaker":false,"isBestMatch":true},{"id":423833845,"price":"10668.88000000","qty":"0.00500000","quoteQty":"53.34440000","time":1601215921149,"isBuyerMaker":false,"isBestMatch":true},{"id":423833846,"price":"10668.88000000","qty":"0.00138600","quoteQty":"14.78706768","time":1601215921248,"isBuyerMaker":false,"isBestMatch":true},{"id":423833847,"price":"10669.09000000","qty":"0.00113000","quoteQty":"12.05607170","time":1601215921351,"isBuyerMaker":true,"isBestMatch":true},{"id":423833848,"price":"10669.10000000","qty":"0.00361400","quoteQty":"38.55812740","time":1601215921365,"isBuyerMaker":false,"isBestMatch":true},{"id":423833849,"price":"10669.09000000","qty":"0.02837300","quoteQty":"302.71409057","time":1601215921377,"isBuyerMaker":true,"isBestMatch":true},{"id":423833850,"price":"10669.10000000","qty":"0.00692600","quoteQty":"73.89418660","time":1601215921435,"isBuyerMaker":false,"isBestMatch":true},{"id":423833851,"price":"10669.10000000","qty":"0.00582500","quoteQty":"62.14750750","time":1601215921461,"isBuyerMaker":false,"isBestMatch":true},{"id":423833852,"price":"10669.10000000","qty":"0.01638600","quoteQty":"174.82387260","time":1601215921461,"isBuyerMaker":false,"isBestMatch":true},{"id":423833853,"price":"10669.52000000","qty":"0.09372900","quoteQty":"1000.04344008","time":1601215921495,"isBuyerMaker":true,"isBestMatch":true},{"id":423833854,"price":"10669.31000000","qty":"0.01638300","quoteQty":"174.79530573","time":1601215921586,"isBuyerMaker":true,"isBestMatch":true},{"id":423833855,"price":"10669.32000000","qty":"0.00146300","quoteQty":"15.60921516","time":1601215921597,"isBuyerMaker":false,"isBestMatch":true},{"id":423833856,"price":"10669.32000000","qty":"0.20083400","quoteQty":"2142.76221288","time":1601215922207,"isBuyerMaker":false,"isBestMatch":true},{"id":423833857,"price":"10669.31000000","qty":"0.00000300","quoteQty":"0.03200793","time":1601215924231,"isBuyerMaker":true,"isBestMatch":true},{"id":423833858,"price":"10669.31000000","qty":"0.05150800","quoteQty":"549.55481948","time":1601215924231,"isBuyerMaker":true,"isBestMatch":true},{"id":423833859,"price":"10669.31000000","qty":"0.00170100","quoteQty":"18.14849631","time":1601215925152,"isBuyerMaker":true,"isBestMatch":true},{"id":423833860,"price":"10669.31000000","qty":"0.00829900","quoteQty":"88.54460369","time":1601215925755,"isBuyerMaker":true,"isBestMatch":true},{"id":423833861,"price":"10669.31000000","qty":"0.01324100","quoteQty":"141.27233371","time":1601215925755,"isBuyerMaker":true,"isBestMatch":true},{"id":423833862,"price":"10669.31000000","qty":"0.09371900","quoteQty":"999.91706389","time":1601215925998,"isBuyerMaker":true,"isBestMatch":true},{"id":423833863,"price":"10669.31000000","qty":"0.05150700","quoteQty":"549.54415017","time":1601215926110,"isBuyerMaker":true,"isBestMatch":true},{"id":423833864,"price":"10669.31000000","qty":"0.00164600","quoteQty":"17.56168426","time":1601215926207,"isBuyerMaker":true,"isBestMatch":true},{"id":423833865,"price":"10669.32000000","qty":"1.00000000","quoteQty":"10669.32000000","time":1601215926270,"isBuyerMaker":false,"isBestMatch":true},{"id":423833866,"price":"10669.31000000","qty":"0.06905700","quoteQty":"736.79054067","time":1601215928014,"isBuyerMaker":true,"isBestMatch":true},{"id":423833867,"price":"10669.10000000","qty":"0.00672100","quoteQty":"71.70702110","time":1601215928014,"isBuyerMaker":true,"isBestMatch":true},{"id":423833868,"price":"10669.09000000","qty":"0.05981900","quoteQty":"638.21429471","time":1601215928014,"isBuyerMaker":true,"isBestMatch":true},{"id":423833869,"price":"10668.98000000","qty":"0.01638600","quoteQty":"174.82190628","time":1601215928014,"isBuyerMaker":true,"isBestMatch":true},{"id":423833870,"price":"10668.78000000","qty":"0.01322000","quoteQty":"141.04127160","time":1601215928014,"isBuyerMaker":true,"isBestMatch":true},{"id":423833871,"price":"10668.72000000","qty":"0.03761100","quoteQty":"401.26122792","time":1601215928014,"isBuyerMaker":true,"isBestMatch":true},{"id":423833872,"price":"10668.65000000","qty":"0.01636500","quoteQty":"174.59245725","time":1601215928014,"isBuyerMaker":true,"isBestMatch":true},{"id":423833873,"price":"10668.64000000","qty":"0.18082100","quoteQty":"1929.11415344","time":1601215928014,"isBuyerMaker":true,"isBestMatch":true},{"id":423833874,"price":"10668.65000000","qty":"0.10807700","quoteQty":"1153.03568605","time":1601215928158,"isBuyerMaker":false,"isBestMatch":true},{"id":423833875,"price":"10668.65000000","qty":"0.01112700","quoteQty":"118.71006855","time":1601215928264,"isBuyerMaker":false,"isBestMatch":true},{"id":423833876,"price":"10668.65000000","qty":"0.00500000","quoteQty":"53.34325000","time":1601215928370,"isBuyerMaker":false,"isBestMatch":true},{"id":423833877,"price":"10668.65000000","qty":"0.00604700","quoteQty":"64.51332655","time":1601215928477,"isBuyerMaker":false,"isBestMatch":true},{"id":423833878,"price":"10668.65000000","qty":"0.00515200","quoteQty":"54.96488480","time":1601215928544,"isBuyerMaker":false,"isBestMatch":true},{"id":423833879,"price":"10668.65000000","qty":"0.02084000","quoteQty":"222.33466600","time":1601215928577,"isBuyerMaker":false,"isBestMatch":true},{"id":423833880,"price":"10668.65000000","qty":"0.00500000","quoteQty":"53.34325000","time":1601215928684,"isBuyerMaker":false,"isBestMatch":true},{"id":423833881,"price":"10668.65000000","qty":"0.00500000","quoteQty":"53.34325000","time":1601215928793,"isBuyerMaker":false,"isBestMatch":true},{"id":423833882,"price":"10668.64000000","qty":"0.01638600","quoteQty":"174.81633504","time":1601215928811,"isBuyerMaker":true,"isBestMatch":true},{"id":423833883,"price":"10668.64000000","qty":"0.01000000","quoteQty":"106.68640000","time":1601215928811,"isBuyerMaker":true,"isBestMatch":true},{"id":423833884,"price":"10668.64000000","qty":"0.10000000","quoteQty":"1066.86400000","time":1601215928811,"isBuyerMaker":true,"isBestMatch":true},{"id":423833885,"price":"10668.64000000","qty":"0.06087700","quoteQty":"649.47479728","time":1601215928811,"isBuyerMaker":true,"isBestMatch":true},{"id":423833886,"price":"10668.64000000","qty":"0.01000000","quoteQty":"106.68640000","time":1601215929101,"isBuyerMaker":true,"isBestMatch":true},{"id":423833887,"price":"10668.85000000","qty":"0.00109900","quoteQty":"11.72506615","time":1601215929553,"isBuyerMaker":true,"isBestMatch":true},{"id":423833888,"price":"10668.86000000","qty":"0.01640700","quoteQty":"175.04398602","time":1601215929600,"isBuyerMaker":false,"isBestMatch":true},{"id":423833889,"price":"10668.98000000","qty":"0.22760200","quoteQty":"2428.28118596","time":1601215929600,"isBuyerMaker":false,"isBestMatch":true},{"id":423833890,"price":"10668.97000000","qty":"0.04860500","quoteQty":"518.56528685","time":1601215930705,"isBuyerMaker":true,"isBestMatch":true},{"id":423833891,"price":"10668.98000000","qty":"0.00418200","quoteQty":"44.61767436","time":1601215931829,"isBuyerMaker":false,"isBestMatch":true},{"id":423833892,"price":"10668.97000000","qty":"0.86691200","quoteQty":"9249.05812064","time":1601215932354,"isBuyerMaker":true,"isBestMatch":true},{"id":423833893,"price":"10668.97000000","qty":"0.04859900","quoteQty":"518.50127303","time":1601215932615,"isBuyerMaker":true,"isBestMatch":true},{"id":423833894,"price":"10668.97000000","qty":"0.04346800","quoteQty":"463.75878796","time":1601215932707,"isBuyerMaker":true,"isBestMatch":true},{"id":423833895,"price":"10668.98000000","qty":"0.03538300","quoteQty":"377.50051934","time":1601215933164,"isBuyerMaker":false,"isBestMatch":true},{"id":423833896,"price":"10668.97000000","qty":"0.00515700","quoteQty":"55.01987829","time":1601215934219,"isBuyerMaker":true,"isBestMatch":true},{"id":423833897,"price":"10668.98000000","qty":"0.00103400","quoteQty":"11.03172532","time":1601215934485,"isBuyerMaker":false,"isBestMatch":true},{"id":423833898,"price":"10668.97000000","qty":"0.01862000","quoteQty":"198.65622140","time":1601215934506,"isBuyerMaker":true,"isBestMatch":true},{"id":423833899,"price":"10668.97000000","qty":"0.00555600","quoteQty":"59.27679732","time":1601215934952,"isBuyerMaker":true,"isBestMatch":true},{"id":423833900,"price":"10668.97000000","qty":"0.07066700","quoteQty":"753.94410299","time":1601215935563,"isBuyerMaker":true,"isBestMatch":true},{"id":423833901,"price":"10668.97000000","qty":"0.01228000","quoteQty":"131.01495160","time":1601215935563,"isBuyerMaker":true,"isBestMatch":true},{"id":423833902,"price":"10668.98000000","qty":"0.03296900","quoteQty":"351.74560162","time":1601215935678,"isBuyerMaker":false,"isBestMatch":true},{"id":423833903,"price":"10668.97000000","qty":"0.00807000","quoteQty":"86.09858790","time":1601215935781,"isBuyerMaker":true,"isBestMatch":true},{"id":423833904,"price":"10668.98000000","qty":"0.01500000","quoteQty":"160.03470000","time":1601215935797,"isBuyerMaker":false,"isBestMatch":true},{"id":423833905,"price":"10668.99000000","qty":"0.01638600","quoteQty":"174.82207014","time":1601215935797,"isBuyerMaker":false,"isBestMatch":true},{"id":423833906,"price":"10669.19000000","qty":"0.00158500","quoteQty":"16.91066615","time":1601215935797,"isBuyerMaker":false,"isBestMatch":true},{"id":423833907,"price":"10669.09000000","qty":"0.01642100","quoteQty":"175.19712689","time":1601215935993,"isBuyerMaker":false,"isBestMatch":true},{"id":423833908,"price":"10669.09000000","qty":"0.00002700","quoteQty":"0.28806543","time":1601215937026,"isBuyerMaker":false,"isBestMatch":true},{"id":423833909,"price":"10669.15000000","qty":"0.02997300","quoteQty":"319.78643295","time":1601215937026,"isBuyerMaker":false,"isBestMatch":true},{"id":423833910,"price":"10669.14000000","qty":"0.00137600","quoteQty":"14.68073664","time":1601215937154,"isBuyerMaker":true,"isBestMatch":true},{"id":423833911,"price":"10669.14000000","qty":"0.00104700","quoteQty":"11.17058958","time":1601215937761,"isBuyerMaker":true,"isBestMatch":true},{"id":423833912,"price":"10669.14000000","qty":"0.03296900","quoteQty":"351.75087666","time":1601215938169,"isBuyerMaker":true,"isBestMatch":true},{"id":423833913,"price":"10669.14000000","qty":"0.00347300","quoteQty":"37.05392322","time":1601215938244,"isBuyerMaker":true,"isBestMatch":true},{"id":423833914,"price":"10669.14000000","qty":"0.05000000","quoteQty":"533.45700000","time":1601215939098,"isBuyerMaker":true,"isBestMatch":true},{"id":423833915,"price":"10669.09000000","qty":"0.00926600","quoteQty":"98.85978794","time":1601215940580,"isBuyerMaker":false,"isBestMatch":true},{"id":423833916,"price":"10669.09000000","qty":"0.08005600","quoteQty":"854.12466904","time":1601215940680,"isBuyerMaker":false,"isBestMatch":true},{"id":423833917,"price":"10669.09000000","qty":"0.00977300","quoteQty":"104.26901657","time":1601215940680,"isBuyerMaker":false,"isBestMatch":true},{"id":423833918,"price":"10669.08000000","qty":"0.01644800","quoteQty":"175.48502784","time":1601215942071,"isBuyerMaker":true,"isBestMatch":true},{"id":423833919,"price":"10669.08000000","qty":"0.02920500","quoteQty":"311.59048140","time":1601215942071,"isBuyerMaker":true,"isBestMatch":true},{"id":423833920,"price":"10669.09000000","qty":"0.00110800","quoteQty":"11.82135172","time":1601215942455,"isBuyerMaker":false,"isBestMatch":true},{"id":423833921,"price":"10668.86000000","qty":"0.01660000","quoteQty":"177.10307600","time":1601215943382,"isBuyerMaker":false,"isBestMatch":true},{"id":423833922,"price":"10668.86000000","qty":"0.06574900","quoteQty":"701.46687614","time":1601215943616,"isBuyerMaker":false,"isBestMatch":true},{"id":423833923,"price":"10668.86000000","qty":"0.00164900","quoteQty":"17.59295014","time":1601215944044,"isBuyerMaker":false,"isBestMatch":true},{"id":423833924,"price":"10668.85000000","qty":"0.00127600","quoteQty":"13.61345260","time":1601215944572,"isBuyerMaker":true,"isBestMatch":true},{"id":423833925,"price":"10668.85000000","qty":"0.01517200","quoteQty":"161.86779220","time":1601215945636,"isBuyerMaker":true,"isBestMatch":true},{"id":423833926,"price":"10668.75000000","qty":"0.01640700","quoteQty":"175.04218125","time":1601215945636,"isBuyerMaker":true,"isBestMatch":true},{"id":423833927,"price":"10668.66000000","qty":"0.00321600","quoteQty":"34.31041056","time":1601215945636,"isBuyerMaker":true,"isBestMatch":true},{"id":423833928,"price":"10668.64000000","qty":"0.02912300","quoteQty":"310.70280272","time":1601215945636,"isBuyerMaker":true,"isBestMatch":true},{"id":423833929,"price":"10668.60000000","qty":"0.00922700","quoteQty":"98.43917220","time":1601215945636,"isBuyerMaker":true,"isBestMatch":true},{"id":423833930,"price":"10668.60000000","qty":"0.00000200","quoteQty":"0.02133720","time":1601215945637,"isBuyerMaker":true,"isBestMatch":true},{"id":423833931,"price":"10668.52000000","qty":"0.01000000","quoteQty":"106.68520000","time":1601215945637,"isBuyerMaker":true,"isBestMatch":true},{"id":423833932,"price":"10668.52000000","qty":"0.00677500","quoteQty":"72.27922300","time":1601215945637,"isBuyerMaker":true,"isBestMatch":true},{"id":423833933,"price":"10668.65000000","qty":"0.15700000","quoteQty":"1674.97805000","time":1601215945649,"isBuyerMaker":false,"isBestMatch":true},{"id":423833934,"price":"10668.55000000","qty":"0.15100000","quoteQty":"1610.95105000","time":1601215945679,"isBuyerMaker":false,"isBestMatch":true},{"id":423833935,"price":"10668.55000000","qty":"0.00500000","quoteQty":"53.34275000","time":1601215945693,"isBuyerMaker":false,"isBestMatch":true},{"id":423833936,"price":"10668.54000000","qty":"0.00109900","quoteQty":"11.72472546","time":1601215945729,"isBuyerMaker":true,"isBestMatch":true},{"id":423833937,"price":"10668.54000000","qty":"0.00109900","quoteQty":"11.72472546","time":1601215945815,"isBuyerMaker":true,"isBestMatch":true},{"id":423833938,"price":"10668.71000000","qty":"0.00108500","quoteQty":"11.57555035","time":1601215945985,"isBuyerMaker":true,"isBestMatch":true},{"id":423833939,"price":"10668.72000000","qty":"0.01642900","quoteQty":"175.27640088","time":1601215947340,"isBuyerMaker":false,"isBestMatch":true},{"id":423833940,"price":"10668.72000000","qty":"0.01000000","quoteQty":"106.68720000","time":1601215947340,"isBuyerMaker":false,"isBestMatch":true},{"id":423833941,"price":"10668.72000000","qty":"0.00468000","quoteQty":"49.92960960","time":1601215947340,"isBuyerMaker":false,"isBestMatch":true},{"id":423833942,"price":"10668.74000000","qty":"0.01642700","quoteQty":"175.25539198","time":1601215947340,"isBuyerMaker":false,"isBestMatch":true},{"id":423833943,"price":"10668.98000000","qty":"0.01644800","quoteQty":"175.48338304","time":1601215947340,"isBuyerMaker":false,"isBestMatch":true},{"id":423833944,"price":"10669.01000000","qty":"0.00921000","quoteQty":"98.26158210","time":1601215947340,"isBuyerMaker":false,"isBestMatch":true},{"id":423833945,"price":"10669.06000000","qty":"0.16204000","quoteQty":"1728.81448240","time":1601215947340,"isBuyerMaker":false,"isBestMatch":true},{"id":423833946,"price":"10669.08000000","qty":"0.02534700","quoteQty":"270.42917076","time":1601215947518,"isBuyerMaker":true,"isBestMatch":true},{"id":423833947,"price":"10669.08000000","qty":"0.00589800","quoteQty":"62.92623384","time":1601215947917,"isBuyerMaker":true,"isBestMatch":true},{"id":423833948,"price":"10669.08000000","qty":"0.01919100","quoteQty":"204.75031428","time":1601215947917,"isBuyerMaker":true,"isBestMatch":true},{"id":423833949,"price":"10669.08000000","qty":"0.00481700","quoteQty":"51.39295836","time":1601215948203,"isBuyerMaker":true,"isBestMatch":true},{"id":423833950,"price":"10669.09000000","qty":"0.05647400","quoteQty":"602.52618866","time":1601215948490,"isBuyerMaker":false,"isBestMatch":true},{"id":423833951,"price":"10668.88000000","qty":"0.04537300","quoteQty":"484.07909224","time":1601215949077,"isBuyerMaker":false,"isBestMatch":true},{"id":423833952,"price":"10668.88000000","qty":"0.11222700","quoteQty":"1197.33639576","time":1601215949077,"isBuyerMaker":false,"isBestMatch":true},{"id":423833953,"price":"10668.99000000","qty":"0.01642900","quoteQty":"175.28083671","time":1601215951330,"isBuyerMaker":false,"isBestMatch":true},{"id":423833954,"price":"10668.99000000","qty":"0.00134900","quoteQty":"14.39246751","time":1601215951330,"isBuyerMaker":false,"isBestMatch":true},{"id":423833955,"price":"10669.02000000","qty":"0.18600000","quoteQty":"1984.43772000","time":1601215951330,"isBuyerMaker":false,"isBestMatch":true},{"id":423833956,"price":"10669.08000000","qty":"0.20801600","quoteQty":"2219.33934528","time":1601215951330,"isBuyerMaker":false,"isBestMatch":true},{"id":423833957,"price":"10669.08000000","qty":"0.12455300","quoteQty":"1328.86592124","time":1601215952517,"isBuyerMaker":false,"isBestMatch":true},{"id":423833958,"price":"10669.07000000","qty":"0.03460700","quoteQty":"369.22450549","time":1601215953057,"isBuyerMaker":true,"isBestMatch":true},{"id":423833959,"price":"10669.07000000","qty":"0.02299000","quoteQty":"245.28191930","time":1601215953731,"isBuyerMaker":true,"isBestMatch":true},{"id":423833960,"price":"10669.07000000","qty":"0.16741200","quoteQty":"1786.13034684","time":1601215953731,"isBuyerMaker":true,"isBestMatch":true},{"id":423833961,"price":"10669.07000000","qty":"0.20959800","quoteQty":"2236.21573386","time":1601215953731,"isBuyerMaker":true,"isBestMatch":true},{"id":423833962,"price":"10668.97000000","qty":"0.00107000","quoteQty":"11.41579790","time":1601215954155,"isBuyerMaker":true,"isBestMatch":true},{"id":423833963,"price":"10668.97000000","qty":"0.01533900","quoteQty":"163.65133083","time":1601215954516,"isBuyerMaker":true,"isBestMatch":true},{"id":423833964,"price":"10668.87000000","qty":"0.01642900","quoteQty":"175.27886523","time":1601215954516,"isBuyerMaker":true,"isBestMatch":true},{"id":423833965,"price":"10668.86000000","qty":"0.02795600","quoteQty":"298.25865016","time":1601215954516,"isBuyerMaker":true,"isBestMatch":true},{"id":423833966,"price":"10668.76000000","qty":"0.00155200","quoteQty":"16.55791552","time":1601215954516,"isBuyerMaker":true,"isBestMatch":true},{"id":423833967,"price":"10668.87000000","qty":"0.01614400","quoteQty":"172.23823728","time":1601215954679,"isBuyerMaker":true,"isBestMatch":true},{"id":423833968,"price":"10668.87000000","qty":"0.00024500","quoteQty":"2.61387315","time":1601215954755,"isBuyerMaker":true,"isBestMatch":true},{"id":423833969,"price":"10668.76000000","qty":"0.00827100","quoteQty":"88.24131396","time":1601215954755,"isBuyerMaker":true,"isBestMatch":true},{"id":423833970,"price":"10668.73000000","qty":"0.02181700","quoteQty":"232.75968241","time":1601215954755,"isBuyerMaker":true,"isBestMatch":true},{"id":423833971,"price":"10668.80000000","qty":"0.01638900","quoteQty":"174.85096320","time":1601215955290,"isBuyerMaker":true,"isBestMatch":true},{"id":423833972,"price":"10668.80000000","qty":"0.04383700","quoteQty":"467.68818560","time":1601215955290,"isBuyerMaker":true,"isBestMatch":true},{"id":423833973,"price":"10668.80000000","qty":"0.04398100","quoteQty":"469.22449280","time":1601215956015,"isBuyerMaker":true,"isBestMatch":true},{"id":423833974,"price":"10668.81000000","qty":"0.01638900","quoteQty":"174.85112709","time":1601215956029,"isBuyerMaker":false,"isBestMatch":true},{"id":423833975,"price":"10668.81000000","qty":"0.01388500","quoteQty":"148.13642685","time":1601215956029,"isBuyerMaker":false,"isBestMatch":true},{"id":423833976,"price":"10668.80000000","qty":"0.06030100","quoteQty":"643.33930880","time":1601215956075,"isBuyerMaker":true,"isBestMatch":true},{"id":423833977,"price":"10668.80000000","qty":"0.00287600","quoteQty":"30.68346880","time":1601215956760,"isBuyerMaker":true,"isBestMatch":true},{"id":423833978,"price":"10668.80000000","qty":"0.06012500","quoteQty":"641.46160000","time":1601215956862,"isBuyerMaker":true,"isBestMatch":true},{"id":423833979,"price":"10668.81000000","qty":"0.01258700","quoteQty":"134.28831147","time":1601215957514,"isBuyerMaker":false,"isBestMatch":true},{"id":423833980,"price":"10668.80000000","qty":"0.06044900","quoteQty":"644.91829120","time":1601215957655,"isBuyerMaker":true,"isBestMatch":true},{"id":423833981,"price":"10668.80000000","qty":"0.06059000","quoteQty":"646.42259200","time":1601215958466,"isBuyerMaker":true,"isBestMatch":true},{"id":423833982,"price":"10668.80000000","qty":"0.06019300","quoteQty":"642.18707840","time":1601215959261,"isBuyerMaker":true,"isBestMatch":true},{"id":423833983,"price":"10668.80000000","qty":"0.00316600","quoteQty":"33.77742080","time":1601215959565,"isBuyerMaker":true,"isBestMatch":true},{"id":423833984,"price":"10668.80000000","qty":"0.09359000","quoteQty":"998.49299200","time":1601215959765,"isBuyerMaker":true,"isBestMatch":true},{"id":423833985,"price":"10668.80000000","qty":"0.03498500","quoteQty":"373.24796800","time":1601215959963,"isBuyerMaker":true,"isBestMatch":true},{"id":423833986,"price":"10668.80000000","qty":"0.07159800","quoteQty":"763.86474240","time":1601215960068,"isBuyerMaker":true,"isBestMatch":true},{"id":423833987,"price":"10668.80000000","qty":"0.06016100","quoteQty":"641.84567680","time":1601215960076,"isBuyerMaker":true,"isBestMatch":true},{"id":423833988,"price":"10668.80000000","qty":"0.07159800","quoteQty":"763.86474240","time":1601215960179,"isBuyerMaker":true,"isBestMatch":true},{"id":423833989,"price":"10668.73000000","qty":"0.03426800","quoteQty":"365.59603964","time":1601215960894,"isBuyerMaker":true,"isBestMatch":true},{"id":423833990,"price":"10668.63000000","qty":"0.01642900","quoteQty":"175.27492227","time":1601215960894,"isBuyerMaker":true,"isBestMatch":true},{"id":423833991,"price":"10668.54000000","qty":"0.00934100","quoteQty":"99.65483214","time":1601215960894,"isBuyerMaker":true,"isBestMatch":true},{"id":423833992,"price":"10668.55000000","qty":"0.02744000","quoteQty":"292.74501200","time":1601215961564,"isBuyerMaker":false,"isBestMatch":true},{"id":423833993,"price":"10668.55000000","qty":"0.02743900","quoteQty":"292.73434345","time":1601215961577,"isBuyerMaker":false,"isBestMatch":true},{"id":423833994,"price":"10668.54000000","qty":"0.00488800","quoteQty":"52.14782352","time":1601215961724,"isBuyerMaker":true,"isBestMatch":true},{"id":423833995,"price":"10668.54000000","qty":"0.01643000","quoteQty":"175.28411220","time":1601215961724,"isBuyerMaker":true,"isBestMatch":true},{"id":423833996,"price":"10668.54000000","qty":"0.03887300","quoteQty":"414.71815542","time":1601215961724,"isBuyerMaker":true,"isBestMatch":true},{"id":423833997,"price":"10668.54000000","qty":"0.00648000","quoteQty":"69.13213920","time":1601215962308,"isBuyerMaker":true,"isBestMatch":true},{"id":423833998,"price":"10668.54000000","qty":"0.00109100","quoteQty":"11.63937714","time":1601215962399,"isBuyerMaker":true,"isBestMatch":true},{"id":423833999,"price":"10668.54000000","qty":"0.06620300","quoteQty":"706.28935362","time":1601215962410,"isBuyerMaker":true,"isBestMatch":true},{"id":423834000,"price":"10668.54000000","qty":"0.06003000","quoteQty":"640.43245620","time":1601215962566,"isBuyerMaker":true,"isBestMatch":true},{"id":423834001,"price":"10668.53000000","qty":"0.05160100","quoteQty":"550.50681653","time":1601215963053,"isBuyerMaker":false,"isBestMatch":true},{"id":423834002,"price":"10668.52000000","qty":"0.06037100","quoteQty":"644.06922092","time":1601215963414,"isBuyerMaker":true,"isBestMatch":true},{"id":423834003,"price":"10668.52000000","qty":"0.03285400","quoteQty":"350.50355608","time":1601215964271,"isBuyerMaker":true,"isBestMatch":true},{"id":423834004,"price":"10668.48000000","qty":"0.01665400","quoteQty":"177.67286592","time":1601215964271,"isBuyerMaker":true,"isBestMatch":true},{"id":423834005,"price":"10668.48000000","qty":"0.00201400","quoteQty":"21.48631872","time":1601215964271,"isBuyerMaker":true,"isBestMatch":true},{"id":423834006,"price":"10668.31000000","qty":"0.00822800","quoteQty":"87.77885468","time":1601215964271,"isBuyerMaker":true,"isBestMatch":true},{"id":423834007,"price":"10668.24000000","qty":"0.00035300","quoteQty":"3.76588872","time":1601215964271,"isBuyerMaker":true,"isBestMatch":true},{"id":423834008,"price":"10668.39000000","qty":"0.01645000","quoteQty":"175.49501550","time":1601215964380,"isBuyerMaker":false,"isBestMatch":true},{"id":423834009,"price":"10668.39000000","qty":"0.13955000","quoteQty":"1488.77382450","time":1601215964380,"isBuyerMaker":false,"isBestMatch":true},{"id":423834010,"price":"10668.39000000","qty":"0.03417400","quoteQty":"364.58155986","time":1601215964389,"isBuyerMaker":false,"isBestMatch":true},{"id":423834011,"price":"10668.43000000","qty":"0.05389900","quoteQty":"575.01770857","time":1601215964389,"isBuyerMaker":false,"isBestMatch":true},{"id":423834012,"price":"10668.50000000","qty":"0.06992700","quoteQty":"746.01619950","time":1601215964389,"isBuyerMaker":false,"isBestMatch":true},{"id":423834013,"price":"10668.50000000","qty":"0.00603100","quoteQty":"64.34172350","time":1601215964401,"isBuyerMaker":false,"isBestMatch":true},{"id":423834014,"price":"10668.52000000","qty":"0.06000300","quoteQty":"640.14320556","time":1601215965075,"isBuyerMaker":true,"isBestMatch":true},{"id":423834015,"price":"10668.52000000","qty":"0.02931900","quoteQty":"312.79033788","time":1601215965872,"isBuyerMaker":true,"isBestMatch":true},{"id":423834016,"price":"10668.38000000","qty":"0.01645000","quoteQty":"175.49485100","time":1601215965872,"isBuyerMaker":true,"isBestMatch":true},{"id":423834017,"price":"10668.24000000","qty":"0.01435500","quoteQty":"153.14258520","time":1601215965872,"isBuyerMaker":true,"isBestMatch":true},{"id":423834018,"price":"10668.36000000","qty":"0.01651000","quoteQty":"176.13462360","time":1601215966098,"isBuyerMaker":false,"isBestMatch":true},{"id":423834019,"price":"10668.36000000","qty":"0.16576500","quoteQty":"1768.44069540","time":1601215966098,"isBuyerMaker":false,"isBestMatch":true},{"id":423834020,"price":"10668.46000000","qty":"0.00603500","quoteQty":"64.38415610","time":1601215966203,"isBuyerMaker":false,"isBestMatch":true},{"id":423834021,"price":"10668.53000000","qty":"0.00754500","quoteQty":"80.49405885","time":1601215966679,"isBuyerMaker":false,"isBestMatch":true},{"id":423834022,"price":"10668.53000000","qty":"0.00387500","quoteQty":"41.34055375","time":1601215966684,"isBuyerMaker":false,"isBestMatch":true},{"id":423834023,"price":"10668.52000000","qty":"0.05647400","quoteQty":"602.49399848","time":1601215966688,"isBuyerMaker":true,"isBestMatch":true},{"id":423834024,"price":"10668.52000000","qty":"0.00365500","quoteQty":"38.99344060","time":1601215966688,"isBuyerMaker":true,"isBestMatch":true},{"id":423834025,"price":"10668.52000000","qty":"0.00358500","quoteQty":"38.24664420","time":1601215967371,"isBuyerMaker":true,"isBestMatch":true},{"id":423834026,"price":"10668.52000000","qty":"0.06002700","quoteQty":"640.39925004","time":1601215967502,"isBuyerMaker":true,"isBestMatch":true},{"id":423834027,"price":"10668.53000000","qty":"0.00474900","quoteQty":"50.66484897","time":1601215967697,"isBuyerMaker":false,"isBestMatch":true},{"id":423834028,"price":"10668.52000000","qty":"0.03434300","quoteQty":"366.38898236","time":1601215968039,"isBuyerMaker":true,"isBestMatch":true},{"id":423834029,"price":"10668.52000000","qty":"0.06033400","quoteQty":"643.67448568","time":1601215968326,"isBuyerMaker":true,"isBestMatch":true},{"id":423834030,"price":"10668.52000000","qty":"0.00358500","quoteQty":"38.24664420","time":1601215968820,"isBuyerMaker":true,"isBestMatch":true},{"id":423834031,"price":"10668.52000000","qty":"0.06002700","quoteQty":"640.39925004","time":1601215969149,"isBuyerMaker":true,"isBestMatch":true},{"id":423834032,"price":"10668.52000000","qty":"0.07285100","quoteQty":"777.21235052","time":1601215969942,"isBuyerMaker":true,"isBestMatch":true},{"id":423834033,"price":"10668.52000000","qty":"0.06010400","quoteQty":"641.22072608","time":1601215969988,"isBuyerMaker":true,"isBestMatch":true},{"id":423834034,"price":"10668.52000000","qty":"0.00358500","quoteQty":"38.24664420","time":1601215970294,"isBuyerMaker":true,"isBestMatch":true},{"id":423834035,"price":"10668.47000000","qty":"0.02582000","quoteQty":"275.45989540","time":1601215970568,"isBuyerMaker":false,"isBestMatch":true},{"id":423834036,"price":"10668.46000000","qty":"0.00104300","quoteQty":"11.12720378","time":1601215970586,"isBuyerMaker":true,"isBestMatch":true},{"id":423834037,"price":"10668.46000000","qty":"0.01546700","quoteQty":"165.00907082","time":1601215970829,"isBuyerMaker":true,"isBestMatch":true},{"id":423834038,"price":"10668.35000000","qty":"0.01651000","quoteQty":"176.13445850","time":1601215970829,"isBuyerMaker":true,"isBestMatch":true},{"id":423834039,"price":"10668.24000000","qty":"0.02825400","quoteQty":"301.42045296","time":1601215970829,"isBuyerMaker":true,"isBestMatch":true},{"id":423834040,"price":"10668.36000000","qty":"0.01653000","quoteQty":"176.34799080","time":1601215970976,"isBuyerMaker":false,"isBestMatch":true},{"id":423834041,"price":"10668.36000000","qty":"0.07185600","quoteQty":"766.58567616","time":1601215970976,"isBuyerMaker":false,"isBestMatch":true},{"id":423834042,"price":"10668.53000000","qty":"0.00100000","quoteQty":"10.66853000","time":1601215971343,"isBuyerMaker":false,"isBestMatch":true},{"id":423834043,"price":"10668.52000000","qty":"0.06094200","quoteQty":"650.16094584","time":1601215971689,"isBuyerMaker":true,"isBestMatch":true},{"id":423834044,"price":"10668.52000000","qty":"0.00358500","quoteQty":"38.24664420","time":1601215971776,"isBuyerMaker":true,"isBestMatch":true},{"id":423834045,"price":"10668.52000000","qty":"0.06004600","quoteQty":"640.60195192","time":1601215972544,"isBuyerMaker":true,"isBestMatch":true},{"id":423834046,"price":"10668.53000000","qty":"0.00722200","quoteQty":"77.04812366","time":1601215972798,"isBuyerMaker":false,"isBestMatch":true},{"id":423834047,"price":"10668.53000000","qty":"0.03561200","quoteQty":"379.92769036","time":1601215972898,"isBuyerMaker":false,"isBestMatch":true},{"id":423834048,"price":"10668.53000000","qty":"0.01273500","quoteQty":"135.86372955","time":1601215972898,"isBuyerMaker":false,"isBestMatch":true},{"id":423834049,"price":"10668.52000000","qty":"0.00469400","quoteQty":"50.07803288","time":1601215973109,"isBuyerMaker":true,"isBestMatch":true},{"id":423834050,"price":"10668.52000000","qty":"0.06012000","quoteQty":"641.39142240","time":1601215973404,"isBuyerMaker":true,"isBestMatch":true},{"id":423834051,"price":"10668.52000000","qty":"0.06014600","quoteQty":"641.66880392","time":1601215974273,"isBuyerMaker":true,"isBestMatch":true},{"id":423834052,"price":"10668.53000000","qty":"0.00377500","quoteQty":"40.27370075","time":1601215974730,"isBuyerMaker":false,"isBestMatch":true},{"id":423834053,"price":"10668.53000000","qty":"0.00235000","quoteQty":"25.07104550","time":1601215974730,"isBuyerMaker":false,"isBestMatch":true},{"id":423834054,"price":"10668.53000000","qty":"0.05042500","quoteQty":"537.96062525","time":1601215975155,"isBuyerMaker":false,"isBestMatch":true},{"id":423834055,"price":"10668.52000000","qty":"0.06118100","quoteQty":"652.71072212","time":1601215975167,"isBuyerMaker":true,"isBestMatch":true},{"id":423834056,"price":"10668.52000000","qty":"0.00200000","quoteQty":"21.33704000","time":1601215975450,"isBuyerMaker":true,"isBestMatch":true},{"id":423834057,"price":"10668.52000000","qty":"0.06020700","quoteQty":"642.31958364","time":1601215976042,"isBuyerMaker":true,"isBestMatch":true},{"id":423834058,"price":"10668.53000000","qty":"0.04722500","quoteQty":"503.82132925","time":1601215976447,"isBuyerMaker":false,"isBestMatch":true},{"id":423834059,"price":"10668.65000000","qty":"0.01019400","quoteQty":"108.75621810","time":1601215976447,"isBuyerMaker":false,"isBestMatch":true},{"id":423834060,"price":"10668.64000000","qty":"0.06040100","quoteQty":"644.39652464","time":1601215976933,"isBuyerMaker":true,"isBestMatch":true},{"id":423834061,"price":"10668.64000000","qty":"0.00377800","quoteQty":"40.30612192","time":1601215976991,"isBuyerMaker":true,"isBestMatch":true},{"id":423834062,"price":"10668.64000000","qty":"0.00377800","quoteQty":"40.30612192","time":1601215976991,"isBuyerMaker":true,"isBestMatch":true},{"id":423834063,"price":"10668.64000000","qty":"0.00377800","quoteQty":"40.30612192","time":1601215976991,"isBuyerMaker":true,"isBestMatch":true},{"id":423834064,"price":"10668.64000000","qty":"0.00377800","quoteQty":"40.30612192","time":1601215976992,"isBuyerMaker":true,"isBestMatch":true},{"id":423834065,"price":"10668.64000000","qty":"0.00377800","quoteQty":"40.30612192","time":1601215976992,"isBuyerMaker":true,"isBestMatch":true},{"id":423834066,"price":"10668.64000000","qty":"0.00377800","quoteQty":"40.30612192","time":1601215976992,"isBuyerMaker":true,"isBestMatch":true},{"id":423834067,"price":"10668.64000000","qty":"0.00377800","quoteQty":"40.30612192","time":1601215976992,"isBuyerMaker":true,"isBestMatch":true},{"id":423834068,"price":"10668.64000000","qty":"0.00377800","quoteQty":"40.30612192","time":1601215976992,"isBuyerMaker":true,"isBestMatch":true},{"id":423834069,"price":"10668.64000000","qty":"0.00377800","quoteQty":"40.30612192","time":1601215976992,"isBuyerMaker":true,"isBestMatch":true},{"id":423834070,"price":"10668.64000000","qty":"0.00377800","quoteQty":"40.30612192","time":1601215976992,"isBuyerMaker":true,"isBestMatch":true},{"id":423834071,"price":"10668.64000000","qty":"0.00377800","quoteQty":"40.30612192","time":1601215976992,"isBuyerMaker":true,"isBestMatch":true},{"id":423834072,"price":"10668.64000000","qty":"0.00377800","quoteQty":"40.30612192","time":1601215976992,"isBuyerMaker":true,"isBestMatch":true},{"id":423834073,"price":"10668.64000000","qty":"0.00377800","quoteQty":"40.30612192","time":1601215976993,"isBuyerMaker":true,"isBestMatch":true},{"id":423834074,"price":"10668.64000000","qty":"0.00377800","quoteQty":"40.30612192","time":1601215976994,"isBuyerMaker":true,"isBestMatch":true},{"id":423834075,"price":"10668.64000000","qty":"0.00377800","quoteQty":"40.30612192","time":1601215976994,"isBuyerMaker":true,"isBestMatch":true},{"id":423834076,"price":"10668.64000000","qty":"0.00377800","quoteQty":"40.30612192","time":1601215976994,"isBuyerMaker":true,"isBestMatch":true},{"id":423834077,"price":"10668.64000000","qty":"0.00377800","quoteQty":"40.30612192","time":1601215976994,"isBuyerMaker":true,"isBestMatch":true},{"id":423834078,"price":"10668.64000000","qty":"0.00377800","quoteQty":"40.30612192","time":1601215976994,"isBuyerMaker":true,"isBestMatch":true},{"id":423834079,"price":"10668.64000000","qty":"0.00377800","quoteQty":"40.30612192","time":1601215976994,"isBuyerMaker":true,"isBestMatch":true},{"id":423834080,"price":"10668.64000000","qty":"0.00377800","quoteQty":"40.30612192","time":1601215976994,"isBuyerMaker":true,"isBestMatch":true},{"id":423834081,"price":"10668.64000000","qty":"0.00377800","quoteQty":"40.30612192","time":1601215976995,"isBuyerMaker":true,"isBestMatch":true},{"id":423834082,"price":"10668.64000000","qty":"0.00377800","quoteQty":"40.30612192","time":1601215976995,"isBuyerMaker":true,"isBestMatch":true},{"id":423834083,"price":"10668.64000000","qty":"0.00377800","quoteQty":"40.30612192","time":1601215976995,"isBuyerMaker":true,"isBestMatch":true},{"id":423834084,"price":"10668.64000000","qty":"0.00377800","quoteQty":"40.30612192","time":1601215976996,"isBuyerMaker":true,"isBestMatch":true},{"id":423834085,"price":"10668.64000000","qty":"0.00377800","quoteQty":"40.30612192","time":1601215976996,"isBuyerMaker":true,"isBestMatch":true},{"id":423834086,"price":"10668.64000000","qty":"0.00377800","quoteQty":"40.30612192","time":1601215976996,"isBuyerMaker":true,"isBestMatch":true},{"id":423834087,"price":"10668.64000000","qty":"0.00377800","quoteQty":"40.30612192","time":1601215976996,"isBuyerMaker":true,"isBestMatch":true},{"id":423834088,"price":"10668.64000000","qty":"0.00377800","quoteQty":"40.30612192","time":1601215976996,"isBuyerMaker":true,"isBestMatch":true},{"id":423834089,"price":"10668.64000000","qty":"0.00377800","quoteQty":"40.30612192","time":1601215976997,"isBuyerMaker":true,"isBestMatch":true},{"id":423834090,"price":"10668.64000000","qty":"0.00377800","quoteQty":"40.30612192","time":1601215976998,"isBuyerMaker":true,"isBestMatch":true},{"id":423834091,"price":"10668.64000000","qty":"0.00377800","quoteQty":"40.30612192","time":1601215976998,"isBuyerMaker":true,"isBestMatch":true},{"id":423834092,"price":"10668.64000000","qty":"0.00377800","quoteQty":"40.30612192","time":1601215976998,"isBuyerMaker":true,"isBestMatch":true},{"id":423834093,"price":"10668.64000000","qty":"0.00377800","quoteQty":"40.30612192","time":1601215976998,"isBuyerMaker":true,"isBestMatch":true},{"id":423834094,"price":"10668.64000000","qty":"0.00377800","quoteQty":"40.30612192","time":1601215976998,"isBuyerMaker":true,"isBestMatch":true},{"id":423834095,"price":"10668.64000000","qty":"0.00377800","quoteQty":"40.30612192","time":1601215976998,"isBuyerMaker":true,"isBestMatch":true},{"id":423834096,"price":"10668.64000000","qty":"0.00377800","quoteQty":"40.30612192","time":1601215976998,"isBuyerMaker":true,"isBestMatch":true},{"id":423834097,"price":"10668.64000000","qty":"0.00377800","quoteQty":"40.30612192","time":1601215976998,"isBuyerMaker":true,"isBestMatch":true},{"id":423834098,"price":"10668.64000000","qty":"0.00377800","quoteQty":"40.30612192","time":1601215976998,"isBuyerMaker":true,"isBestMatch":true},{"id":423834099,"price":"10668.64000000","qty":"0.00377800","quoteQty":"40.30612192","time":1601215976998,"isBuyerMaker":true,"isBestMatch":true},{"id":423834100,"price":"10668.64000000","qty":"0.00377800","quoteQty":"40.30612192","time":1601215976999,"isBuyerMaker":true,"isBestMatch":true},{"id":423834101,"price":"10668.64000000","qty":"0.00377800","quoteQty":"40.30612192","time":1601215976999,"isBuyerMaker":true,"isBestMatch":true},{"id":423834102,"price":"10668.64000000","qty":"0.00377800","quoteQty":"40.30612192","time":1601215976999,"isBuyerMaker":true,"isBestMatch":true},{"id":423834103,"price":"10668.64000000","qty":"0.00377800","quoteQty":"40.30612192","time":1601215977000,"isBuyerMaker":true,"isBestMatch":true},{"id":423834104,"price":"10668.64000000","qty":"0.00377800","quoteQty":"40.30612192","time":1601215977000,"isBuyerMaker":true,"isBestMatch":true},{"id":423834105,"price":"10668.64000000","qty":"0.00377800","quoteQty":"40.30612192","time":1601215977000,"isBuyerMaker":true,"isBestMatch":true},{"id":423834106,"price":"10668.65000000","qty":"0.00623600","quoteQty":"66.52970140","time":1601215977026,"isBuyerMaker":false,"isBestMatch":true},{"id":423834107,"price":"10668.88000000","qty":"0.01638900","quoteQty":"174.85227432","time":1601215977026,"isBuyerMaker":false,"isBestMatch":true},{"id":423834108,"price":"10668.98000000","qty":"0.01640900","quoteQty":"175.06729282","time":1601215977026,"isBuyerMaker":false,"isBestMatch":true},{"id":423834109,"price":"10668.98000000","qty":"0.00911900","quoteQty":"97.29042862","time":1601215977026,"isBuyerMaker":false,"isBestMatch":true},{"id":423834110,"price":"10669.07000000","qty":"0.00899900","quoteQty":"96.01096093","time":1601215977026,"isBuyerMaker":false,"isBestMatch":true},{"id":423834111,"price":"10669.18000000","qty":"0.01346400","quoteQty":"143.64983952","time":1601215977026,"isBuyerMaker":false,"isBestMatch":true},{"id":423834112,"price":"10669.33000000","qty":"0.01500000","quoteQty":"160.03995000","time":1601215977026,"isBuyerMaker":false,"isBestMatch":true},{"id":423834113,"price":"10669.33000000","qty":"0.01500000","quoteQty":"160.03995000","time":1601215977026,"isBuyerMaker":false,"isBestMatch":true},{"id":423834114,"price":"10669.37000000","qty":"0.03676000","quoteQty":"392.20604120","time":1601215977026,"isBuyerMaker":false,"isBestMatch":true},{"id":423834115,"price":"10669.44000000","qty":"0.03087500","quoteQty":"329.41896000","time":1601215977026,"isBuyerMaker":false,"isBestMatch":true},{"id":423834116,"price":"10669.43000000","qty":"0.10934700","quoteQty":"1166.67016221","time":1601215977058,"isBuyerMaker":true,"isBestMatch":true},{"id":423834117,"price":"10669.43000000","qty":"0.06015300","quoteQty":"641.79822279","time":1601215977058,"isBuyerMaker":true,"isBestMatch":true},{"id":423834118,"price":"10669.05000000","qty":"0.01651000","quoteQty":"176.14601550","time":1601215977196,"isBuyerMaker":false,"isBestMatch":true},{"id":423834119,"price":"10669.05000000","qty":"0.03124200","quoteQty":"333.32246010","time":1601215977196,"isBuyerMaker":false,"isBestMatch":true},{"id":423834120,"price":"10669.24000000","qty":"0.01651000","quoteQty":"176.14915240","time":1601215977777,"isBuyerMaker":true,"isBestMatch":true},{"id":423834121,"price":"10669.24000000","qty":"0.04349000","quoteQty":"464.00524760","time":1601215977777,"isBuyerMaker":true,"isBestMatch":true},{"id":423834122,"price":"10669.25000000","qty":"0.00311500","quoteQty":"33.23471375","time":1601215978106,"isBuyerMaker":false,"isBestMatch":true},{"id":423834123,"price":"10669.25000000","qty":"0.01338900","quoteQty":"142.85058825","time":1601215981362,"isBuyerMaker":false,"isBestMatch":true},{"id":423834124,"price":"10669.25000000","qty":"0.00000600","quoteQty":"0.06401550","time":1601215983172,"isBuyerMaker":false,"isBestMatch":true},{"id":423834125,"price":"10669.53000000","qty":"0.01638600","quoteQty":"174.83091858","time":1601215983172,"isBuyerMaker":false,"isBestMatch":true},{"id":423834126,"price":"10669.57000000","qty":"0.00968500","quoteQty":"103.33478545","time":1601215983172,"isBuyerMaker":false,"isBestMatch":true},{"id":423834127,"price":"10669.62000000","qty":"0.00817300","quoteQty":"87.20280426","time":1601215983172,"isBuyerMaker":false,"isBestMatch":true},{"id":423834128,"price":"10669.63000000","qty":"0.01636500","quoteQty":"174.60849495","time":1601215983172,"isBuyerMaker":false,"isBestMatch":true},{"id":423834129,"price":"10669.64000000","qty":"0.10000000","quoteQty":"1066.96400000","time":1601215983172,"isBuyerMaker":false,"isBestMatch":true},{"id":423834130,"price":"10669.64000000","qty":"0.01000000","quoteQty":"106.69640000","time":1601215983172,"isBuyerMaker":false,"isBestMatch":true},{"id":423834131,"price":"10669.64000000","qty":"0.10000000","quoteQty":"1066.96400000","time":1601215983172,"isBuyerMaker":false,"isBestMatch":true},{"id":423834132,"price":"10669.78000000","qty":"0.01610000","quoteQty":"171.78345800","time":1601215983172,"isBuyerMaker":false,"isBestMatch":true},{"id":423834133,"price":"10669.97000000","qty":"0.10000000","quoteQty":"1066.99700000","time":1601215983172,"isBuyerMaker":false,"isBestMatch":true},{"id":423834134,"price":"10669.99000000","qty":"0.02806000","quoteQty":"299.39991940","time":1601215983172,"isBuyerMaker":false,"isBestMatch":true},{"id":423834135,"price":"10670.00000000","qty":"0.00120400","quoteQty":"12.84668000","time":1601215983172,"isBuyerMaker":false,"isBestMatch":true},{"id":423834136,"price":"10670.20000000","qty":"0.01396000","quoteQty":"148.95599200","time":1601215983172,"isBuyerMaker":false,"isBestMatch":true},{"id":423834137,"price":"10670.19000000","qty":"0.36214600","quoteQty":"3864.16662774","time":1601215983208,"isBuyerMaker":true,"isBestMatch":true},{"id":423834138,"price":"10669.95000000","qty":"0.01642700","quoteQty":"175.27526865","time":1601215984207,"isBuyerMaker":true,"isBestMatch":true},{"id":423834139,"price":"10669.95000000","qty":"0.03500000","quoteQty":"373.44825000","time":1601215984207,"isBuyerMaker":true,"isBestMatch":true},{"id":423834140,"price":"10669.72000000","qty":"0.00857700","quoteQty":"91.51418844","time":1601215984207,"isBuyerMaker":true,"isBestMatch":true},{"id":423834141,"price":"10669.72000000","qty":"0.00453600","quoteQty":"48.39784992","time":1601215984334,"isBuyerMaker":true,"isBestMatch":true},{"id":423834142,"price":"10669.72000000","qty":"0.00103600","quoteQty":"11.05382992","time":1601215984801,"isBuyerMaker":true,"isBestMatch":true},{"id":423834143,"price":"10669.73000000","qty":"0.02811700","quoteQty":"300.00079841","time":1601215987313,"isBuyerMaker":false,"isBestMatch":true},{"id":423834144,"price":"10669.72000000","qty":"0.00236100","quoteQty":"25.19120892","time":1601215987796,"isBuyerMaker":true,"isBestMatch":true},{"id":423834145,"price":"10669.72000000","qty":"0.01642700","quoteQty":"175.27149044","time":1601215987796,"isBuyerMaker":true,"isBestMatch":true},{"id":423834146,"price":"10669.72000000","qty":"0.02849900","quoteQty":"304.07635028","time":1601215987796,"isBuyerMaker":true,"isBestMatch":true},{"id":423834147,"price":"10669.72000000","qty":"0.00402400","quoteQty":"42.93495328","time":1601215987909,"isBuyerMaker":true,"isBestMatch":true},{"id":423834148,"price":"10669.72000000","qty":"0.00454600","quoteQty":"48.50454712","time":1601215987913,"isBuyerMaker":true,"isBestMatch":true},{"id":423834149,"price":"10669.73000000","qty":"0.12615200","quoteQty":"1346.00777896","time":1601215988178,"isBuyerMaker":false,"isBestMatch":true},{"id":423834150,"price":"10669.72000000","qty":"0.00693500","quoteQty":"73.99450820","time":1601215988540,"isBuyerMaker":true,"isBestMatch":true},{"id":423834151,"price":"10669.72000000","qty":"0.00774200","quoteQty":"82.60497224","time":1601215988645,"isBuyerMaker":true,"isBestMatch":true},{"id":423834152,"price":"10669.72000000","qty":"0.00567200","quoteQty":"60.51865184","time":1601215989043,"isBuyerMaker":true,"isBestMatch":true},{"id":423834153,"price":"10669.16000000","qty":"0.00672900","quoteQty":"71.79277764","time":1601215989043,"isBuyerMaker":true,"isBestMatch":true},{"id":423834154,"price":"10669.04000000","qty":"0.01650800","quoteQty":"176.12451232","time":1601215989043,"isBuyerMaker":true,"isBestMatch":true},{"id":423834155,"price":"10669.04000000","qty":"0.00000200","quoteQty":"0.02133808","time":1601215989048,"isBuyerMaker":true,"isBestMatch":true},{"id":423834156,"price":"10668.77000000","qty":"0.00517800","quoteQty":"55.24289106","time":1601215989048,"isBuyerMaker":true,"isBestMatch":true},{"id":423834157,"price":"10669.05000000","qty":"0.03896600","quoteQty":"415.73020230","time":1601215989166,"isBuyerMaker":false,"isBestMatch":true},{"id":423834158,"price":"10669.05000000","qty":"0.00162000","quoteQty":"17.28386100","time":1601215989399,"isBuyerMaker":false,"isBestMatch":true},{"id":423834159,"price":"10669.04000000","qty":"0.00097300","quoteQty":"10.38097592","time":1601215990196,"isBuyerMaker":true,"isBestMatch":true},{"id":423834160,"price":"10669.04000000","qty":"0.01539600","quoteQty":"164.26053984","time":1601215990562,"isBuyerMaker":true,"isBestMatch":true},{"id":423834161,"price":"10669.04000000","qty":"0.01643100","quoteQty":"175.30299624","time":1601215990562,"isBuyerMaker":true,"isBestMatch":true},{"id":423834162,"price":"10669.04000000","qty":"0.00783200","quoteQty":"83.55992128","time":1601215990562,"isBuyerMaker":true,"isBestMatch":true},{"id":423834163,"price":"10669.04000000","qty":"0.05594400","quoteQty":"596.86877376","time":1601215990661,"isBuyerMaker":true,"isBestMatch":true},{"id":423834164,"price":"10669.04000000","qty":"0.03296800","quoteQty":"351.73691072","time":1601215990772,"isBuyerMaker":true,"isBestMatch":true},{"id":423834165,"price":"10669.05000000","qty":"0.53853000","quoteQty":"5745.60349650","time":1601215993338,"isBuyerMaker":false,"isBestMatch":true},{"id":423834166,"price":"10669.05000000","qty":"0.17108800","quoteQty":"1825.34642640","time":1601215994013,"isBuyerMaker":false,"isBestMatch":true},{"id":423834167,"price":"10669.13000000","qty":"0.00112000","quoteQty":"11.94942560","time":1601215995009,"isBuyerMaker":true,"isBestMatch":true},{"id":423834168,"price":"10669.13000000","qty":"0.00239700","quoteQty":"25.57390461","time":1601215995029,"isBuyerMaker":true,"isBestMatch":true},{"id":423834169,"price":"10669.14000000","qty":"0.00996300","quoteQty":"106.29664182","time":1601215996136,"isBuyerMaker":false,"isBestMatch":true},{"id":423834170,"price":"10669.14000000","qty":"0.00646800","quoteQty":"69.00799752","time":1601215996139,"isBuyerMaker":false,"isBestMatch":true},{"id":423834171,"price":"10669.14000000","qty":"0.02189800","quoteQty":"233.63282772","time":1601215996139,"isBuyerMaker":false,"isBestMatch":true},{"id":423834172,"price":"10669.13000000","qty":"0.00284000","quoteQty":"30.30032920","time":1601215996383,"isBuyerMaker":true,"isBestMatch":true},{"id":423834173,"price":"10669.13000000","qty":"0.00530300","quoteQty":"56.57839639","time":1601215997113,"isBuyerMaker":true,"isBestMatch":true},{"id":423834174,"price":"10669.13000000","qty":"0.00477100","quoteQty":"50.90241923","time":1601215997318,"isBuyerMaker":true,"isBestMatch":true},{"id":423834175,"price":"10669.13000000","qty":"0.00308500","quoteQty":"32.91426605","time":1601215997318,"isBuyerMaker":true,"isBestMatch":true},{"id":423834176,"price":"10669.13000000","qty":"0.00754200","quoteQty":"80.46657846","time":1601215997424,"isBuyerMaker":true,"isBestMatch":true},{"id":423834177,"price":"10669.13000000","qty":"0.07000000","quoteQty":"746.83910000","time":1601215998648,"isBuyerMaker":true,"isBestMatch":true},{"id":423834178,"price":"10669.13000000","qty":"0.40000000","quoteQty":"4267.65200000","time":1601215998869,"isBuyerMaker":true,"isBestMatch":true},{"id":423834179,"price":"10669.13000000","qty":"0.06005100","quoteQty":"640.69192563","time":1601215999757,"isBuyerMaker":true,"isBestMatch":true},{"id":423834180,"price":"10669.13000000","qty":"0.03406700","quoteQty":"363.46525171","time":1601216000663,"isBuyerMaker":true,"isBestMatch":true},{"id":423834181,"price":"10669.13000000","qty":"0.02688000","quoteQty":"286.78621440","time":1601216000663,"isBuyerMaker":true,"isBestMatch":true},{"id":423834182,"price":"10669.14000000","qty":"0.00676000","quoteQty":"72.12338640","time":1601216001368,"isBuyerMaker":false,"isBestMatch":true},{"id":423834183,"price":"10669.14000000","qty":"0.06693600","quoteQty":"714.14955504","time":1601216001509,"isBuyerMaker":false,"isBestMatch":true},{"id":423834184,"price":"10669.13000000","qty":"0.06012200","quoteQty":"641.44943386","time":1601216001577,"isBuyerMaker":true,"isBestMatch":true},{"id":423834185,"price":"10669.13000000","qty":"0.02590800","quoteQty":"276.41582004","time":1601216002479,"isBuyerMaker":true,"isBestMatch":true},{"id":423834186,"price":"10669.13000000","qty":"0.03430500","quoteQty":"366.00450465","time":1601216002479,"isBuyerMaker":true,"isBestMatch":true},{"id":423834187,"price":"10669.13000000","qty":"0.00110500","quoteQty":"11.78938865","time":1601216003195,"isBuyerMaker":true,"isBestMatch":true},{"id":423834188,"price":"10669.13000000","qty":"0.06034400","quoteQty":"643.81798072","time":1601216003402,"isBuyerMaker":true,"isBestMatch":true},{"id":423834189,"price":"10669.13000000","qty":"0.00424600","quoteQty":"45.30112598","time":1601216004336,"isBuyerMaker":true,"isBestMatch":true},{"id":423834190,"price":"10669.13000000","qty":"0.05591400","quoteQty":"596.55373482","time":1601216004336,"isBuyerMaker":true,"isBestMatch":true},{"id":423834191,"price":"10669.13000000","qty":"0.00228900","quoteQty":"24.42163857","time":1601216004379,"isBuyerMaker":true,"isBestMatch":true},{"id":423834192,"price":"10669.13000000","qty":"0.00186500","quoteQty":"19.89792745","time":1601216004737,"isBuyerMaker":true,"isBestMatch":true},{"id":423834193,"price":"10669.13000000","qty":"0.03993200","quoteQty":"426.03969916","time":1601216005260,"isBuyerMaker":true,"isBestMatch":true},{"id":423834194,"price":"10669.13000000","qty":"0.02011100","quoteQty":"214.56687343","time":1601216005260,"isBuyerMaker":true,"isBestMatch":true},{"id":423834195,"price":"10669.13000000","qty":"0.00782300","quoteQty":"83.46460399","time":1601216006104,"isBuyerMaker":true,"isBestMatch":true},{"id":423834196,"price":"10669.13000000","qty":"0.06002300","quoteQty":"640.39318999","time":1601216006207,"isBuyerMaker":true,"isBestMatch":true},{"id":423834197,"price":"10669.13000000","qty":"0.02295900","quoteQty":"244.95255567","time":1601216006370,"isBuyerMaker":true,"isBestMatch":true},{"id":423834198,"price":"10669.13000000","qty":"0.00000100","quoteQty":"0.01066913","time":1601216007166,"isBuyerMaker":true,"isBestMatch":true},{"id":423834199,"price":"10668.73000000","qty":"0.00899900","quoteQty":"96.00790127","time":1601216007166,"isBuyerMaker":true,"isBestMatch":true},{"id":423834200,"price":"10668.64000000","qty":"0.05186500","quoteQty":"553.32901360","time":1601216007166,"isBuyerMaker":true,"isBestMatch":true},{"id":423834201,"price":"10668.64000000","qty":"0.03745700","quoteQty":"399.61524848","time":1601216008117,"isBuyerMaker":true,"isBestMatch":true},{"id":423834202,"price":"10668.64000000","qty":"0.01649200","quoteQty":"175.94721088","time":1601216008117,"isBuyerMaker":true,"isBestMatch":true},{"id":423834203,"price":"10668.37000000","qty":"0.00627700","quoteQty":"66.96535849","time":1601216008117,"isBuyerMaker":true,"isBestMatch":true},{"id":423834204,"price":"10668.52000000","qty":"0.01649200","quoteQty":"175.94523184","time":1601216008247,"isBuyerMaker":false,"isBestMatch":true},{"id":423834205,"price":"10668.52000000","qty":"0.02468900","quoteQty":"263.39509028","time":1601216008247,"isBuyerMaker":false,"isBestMatch":true},{"id":423834206,"price":"10668.51000000","qty":"0.01649200","quoteQty":"175.94506692","time":1601216009074,"isBuyerMaker":true,"isBestMatch":true},{"id":423834207,"price":"10668.35000000","qty":"0.01653000","quoteQty":"176.34782550","time":1601216009074,"isBuyerMaker":true,"isBestMatch":true},{"id":423834208,"price":"10667.98000000","qty":"0.01647800","quoteQty":"175.78697444","time":1601216009074,"isBuyerMaker":true,"isBestMatch":true},{"id":423834209,"price":"10667.94000000","qty":"0.00611200","quoteQty":"65.20244928","time":1601216009074,"isBuyerMaker":true,"isBestMatch":true},{"id":423834210,"price":"10667.87000000","qty":"0.00478300","quoteQty":"51.02442221","time":1601216009074,"isBuyerMaker":true,"isBestMatch":true},{"id":423834211,"price":"10668.20000000","qty":"0.01328000","quoteQty":"141.67369600","time":1601216009146,"isBuyerMaker":false,"isBestMatch":true},{"id":423834212,"price":"10668.20000000","qty":"0.00321200","quoteQty":"34.26625840","time":1601216009214,"isBuyerMaker":false,"isBestMatch":true},{"id":423834213,"price":"10668.41000000","qty":"0.00146900","quoteQty":"15.67189429","time":1601216009308,"isBuyerMaker":false,"isBestMatch":true},{"id":423834214,"price":"10668.41000000","qty":"0.01649200","quoteQty":"175.94341772","time":1601216009414,"isBuyerMaker":false,"isBestMatch":true},{"id":423834215,"price":"10668.51000000","qty":"0.06021600","quoteQty":"642.41499816","time":1601216010035,"isBuyerMaker":true,"isBestMatch":true},{"id":423834216,"price":"10668.52000000","qty":"0.09948000","quoteQty":"1061.30436960","time":1601216010705,"isBuyerMaker":false,"isBestMatch":true},{"id":423834217,"price":"10668.52000000","qty":"0.00382500","quoteQty":"40.80708900","time":1601216010785,"isBuyerMaker":false,"isBestMatch":true},{"id":423834218,"price":"10668.51000000","qty":"0.06004800","quoteQty":"640.62268848","time":1601216011001,"isBuyerMaker":true,"isBestMatch":true},{"id":423834219,"price":"10668.72000000","qty":"0.05316800","quoteQty":"567.23450496","time":1601216011209,"isBuyerMaker":true,"isBestMatch":true},{"id":423834220,"price":"10668.72000000","qty":"0.04332300","quoteQty":"462.20095656","time":1601216011300,"isBuyerMaker":true,"isBestMatch":true},{"id":423834221,"price":"10668.72000000","qty":"0.00835300","quoteQty":"89.11581816","time":1601216011416,"isBuyerMaker":true,"isBestMatch":true},{"id":423834222,"price":"10668.72000000","qty":"0.01527800","quoteQty":"162.99670416","time":1601216011416,"isBuyerMaker":true,"isBestMatch":true},{"id":423834223,"price":"10668.72000000","qty":"0.00107100","quoteQty":"11.42619912","time":1601216011426,"isBuyerMaker":true,"isBestMatch":true},{"id":423834224,"price":"10668.72000000","qty":"0.01181500","quoteQty":"126.05092680","time":1601216011520,"isBuyerMaker":true,"isBestMatch":true},{"id":423834225,"price":"10668.72000000","qty":"0.06047200","quoteQty":"645.15883584","time":1601216011959,"isBuyerMaker":true,"isBestMatch":true},{"id":423834226,"price":"10668.73000000","qty":"0.01649000","quoteQty":"175.92735770","time":1601216012035,"isBuyerMaker":false,"isBestMatch":true},{"id":423834227,"price":"10668.73000000","qty":"0.00000200","quoteQty":"0.02133746","time":1601216012910,"isBuyerMaker":false,"isBestMatch":true},{"id":423834228,"price":"10668.89000000","qty":"0.01484600","quoteQty":"158.39034094","time":1601216012910,"isBuyerMaker":false,"isBestMatch":true},{"id":423834229,"price":"10668.89000000","qty":"0.21618100","quoteQty":"2306.41130909","time":1601216012910,"isBuyerMaker":false,"isBestMatch":true},{"id":423834230,"price":"10668.88000000","qty":"0.03125100","quoteQty":"333.41316888","time":1601216012927,"isBuyerMaker":true,"isBestMatch":true},{"id":423834231,"price":"10668.88000000","qty":"0.02877900","quoteQty":"307.03969752","time":1601216012927,"isBuyerMaker":true,"isBestMatch":true},{"id":423834232,"price":"10668.88000000","qty":"0.00368300","quoteQty":"39.29348504","time":1601216013740,"isBuyerMaker":true,"isBestMatch":true},{"id":423834233,"price":"10668.88000000","qty":"0.00480500","quoteQty":"51.26396840","time":1601216013848,"isBuyerMaker":true,"isBestMatch":true},{"id":423834234,"price":"10668.88000000","qty":"0.06074700","quoteQty":"648.10245336","time":1601216013898,"isBuyerMaker":true,"isBestMatch":true},{"id":423834235,"price":"10668.89000000","qty":"0.00891500","quoteQty":"95.11315435","time":1601216014718,"isBuyerMaker":false,"isBestMatch":true},{"id":423834236,"price":"10668.88000000","qty":"0.06001600","quoteQty":"640.30350208","time":1601216014883,"isBuyerMaker":true,"isBestMatch":true},{"id":423834237,"price":"10668.88000000","qty":"0.06027400","quoteQty":"643.05607312","time":1601216015886,"isBuyerMaker":true,"isBestMatch":true},{"id":423834238,"price":"10668.89000000","qty":"0.00758300","quoteQty":"80.90219287","time":1601216015897,"isBuyerMaker":false,"isBestMatch":true},{"id":423834239,"price":"10668.90000000","qty":"0.01649200","quoteQty":"175.95149880","time":1601216015897,"isBuyerMaker":false,"isBestMatch":true},{"id":423834240,"price":"10669.13000000","qty":"0.00813200","quoteQty":"86.76136516","time":1601216015897,"isBuyerMaker":false,"isBestMatch":true},{"id":423834241,"price":"10669.13000000","qty":"0.01647500","quoteQty":"175.77391675","time":1601216016274,"isBuyerMaker":false,"isBestMatch":true},{"id":423834242,"price":"10669.12000000","qty":"0.01042300","quoteQty":"111.20423776","time":1601216016391,"isBuyerMaker":true,"isBestMatch":true},{"id":423834243,"price":"10669.12000000","qty":"0.00466300","quoteQty":"49.75010656","time":1601216016485,"isBuyerMaker":true,"isBestMatch":true},{"id":423834244,"price":"10669.12000000","qty":"0.04937300","quoteQty":"526.76646176","time":1601216017008,"isBuyerMaker":true,"isBestMatch":true},{"id":423834245,"price":"10669.12000000","qty":"0.03547100","quoteQty":"378.44435552","time":1601216017109,"isBuyerMaker":true,"isBestMatch":true},{"id":423834246,"price":"10669.12000000","qty":"0.01527300","quoteQty":"162.94946976","time":1601216017109,"isBuyerMaker":true,"isBestMatch":true},{"id":423834247,"price":"10669.12000000","qty":"0.00187100","quoteQty":"19.96192352","time":1601216018512,"isBuyerMaker":true,"isBestMatch":true},{"id":423834248,"price":"10669.13000000","qty":"0.00000300","quoteQty":"0.03200739","time":1601216018835,"isBuyerMaker":false,"isBestMatch":true},{"id":423834249,"price":"10669.14000000","qty":"0.01715800","quoteQty":"183.06110412","time":1601216018858,"isBuyerMaker":false,"isBestMatch":true},{"id":423834250,"price":"10669.14000000","qty":"0.01715800","quoteQty":"183.06110412","time":1601216018859,"isBuyerMaker":false,"isBestMatch":true},{"id":423834251,"price":"10669.14000000","qty":"0.01449100","quoteQty":"154.60650774","time":1601216018861,"isBuyerMaker":false,"isBestMatch":true},{"id":423834252,"price":"10669.22000000","qty":"0.01643100","quoteQty":"175.30595382","time":1601216018873,"isBuyerMaker":false,"isBestMatch":true},{"id":423834253,"price":"10669.35000000","qty":"0.00940600","quoteQty":"100.35590610","time":1601216018873,"isBuyerMaker":false,"isBestMatch":true},{"id":423834254,"price":"10669.39000000","qty":"0.01636900","quoteQty":"174.64724491","time":1601216018873,"isBuyerMaker":false,"isBestMatch":true},{"id":423834255,"price":"10669.67000000","qty":"0.00346800","quoteQty":"37.00241556","time":1601216018873,"isBuyerMaker":false,"isBestMatch":true},{"id":423834256,"price":"10669.44000000","qty":"0.01646700","quoteQty":"175.69366848","time":1601216018915,"isBuyerMaker":true,"isBestMatch":true},{"id":423834257,"price":"10669.44000000","qty":"0.16414500","quoteQty":"1751.33522880","time":1601216018915,"isBuyerMaker":true,"isBestMatch":true},{"id":423834258,"price":"10669.44000000","qty":"0.04947100","quoteQty":"527.82786624","time":1601216018984,"isBuyerMaker":true,"isBestMatch":true},{"id":423834259,"price":"10669.45000000","qty":"0.00359900","quoteQty":"38.39935055","time":1601216018988,"isBuyerMaker":false,"isBestMatch":true},{"id":423834260,"price":"10669.44000000","qty":"0.04800000","quoteQty":"512.13312000","time":1601216019094,"isBuyerMaker":true,"isBestMatch":true},{"id":423834261,"price":"10669.44000000","qty":"0.03410500","quoteQty":"363.88125120","time":1601216019200,"isBuyerMaker":true,"isBestMatch":true},{"id":423834262,"price":"10669.44000000","qty":"0.01307200","quoteQty":"139.47091968","time":1601216019200,"isBuyerMaker":true,"isBestMatch":true},{"id":423834263,"price":"10669.44000000","qty":"0.05293700","quoteQty":"564.80814528","time":1601216019303,"isBuyerMaker":true,"isBestMatch":true},{"id":423834264,"price":"10669.44000000","qty":"0.03922300","quoteQty":"418.48744512","time":1601216019398,"isBuyerMaker":true,"isBestMatch":true},{"id":423834265,"price":"10669.44000000","qty":"0.00105500","quoteQty":"11.25625920","time":1601216019609,"isBuyerMaker":true,"isBestMatch":true},{"id":423834266,"price":"10669.44000000","qty":"0.00104500","quoteQty":"11.14956480","time":1601216019625,"isBuyerMaker":true,"isBestMatch":true},{"id":423834267,"price":"10669.44000000","qty":"0.00105500","quoteQty":"11.25625920","time":1601216019710,"isBuyerMaker":true,"isBestMatch":true},{"id":423834268,"price":"10669.44000000","qty":"0.02392600","quoteQty":"255.27702144","time":1601216019954,"isBuyerMaker":true,"isBestMatch":true},{"id":423834269,"price":"10669.44000000","qty":"0.03608500","quoteQty":"385.00674240","time":1601216019954,"isBuyerMaker":true,"isBestMatch":true},{"id":423834270,"price":"10669.45000000","qty":"0.01286800","quoteQty":"137.29448260","time":1601216020286,"isBuyerMaker":false,"isBestMatch":true},{"id":423834271,"price":"10669.45000000","qty":"0.37630500","quoteQty":"4014.96738225","time":1601216020286,"isBuyerMaker":false,"isBestMatch":true},{"id":423834272,"price":"10669.44000000","qty":"0.06040000","quoteQty":"644.43417600","time":1601216020997,"isBuyerMaker":true,"isBestMatch":true},{"id":423834273,"price":"10669.14000000","qty":"0.00266700","quoteQty":"28.45459638","time":1601216021376,"isBuyerMaker":true,"isBestMatch":true},{"id":423834274,"price":"10669.14000000","qty":"0.01715800","quoteQty":"183.06110412","time":1601216021376,"isBuyerMaker":true,"isBestMatch":true},{"id":423834275,"price":"10669.14000000","qty":"0.00454000","quoteQty":"48.43789560","time":1601216021376,"isBuyerMaker":true,"isBestMatch":true},{"id":423834276,"price":"10669.14000000","qty":"0.01641600","quoteQty":"175.14460224","time":1601216021376,"isBuyerMaker":true,"isBestMatch":true},{"id":423834277,"price":"10669.14000000","qty":"0.21081500","quoteQty":"2249.21474910","time":1601216021376,"isBuyerMaker":true,"isBestMatch":true},{"id":423834278,"price":"10669.15000000","qty":"0.05000000","quoteQty":"533.45750000","time":1601216022531,"isBuyerMaker":false,"isBestMatch":true},{"id":423834279,"price":"10669.14000000","qty":"0.05490100","quoteQty":"585.74645514","time":1601216023281,"isBuyerMaker":true,"isBestMatch":true},{"id":423834280,"price":"10669.15000000","qty":"0.00911500","quoteQty":"97.24930225","time":1601216023710,"isBuyerMaker":false,"isBestMatch":true},{"id":423834281,"price":"10669.13000000","qty":"0.01715500","quoteQty":"183.02892515","time":1601216025234,"isBuyerMaker":true,"isBestMatch":true},{"id":423834282,"price":"10669.13000000","qty":"0.01715800","quoteQty":"183.06093254","time":1601216025234,"isBuyerMaker":true,"isBestMatch":true},{"id":423834283,"price":"10669.01000000","qty":"0.01647800","quoteQty":"175.80394678","time":1601216025234,"isBuyerMaker":true,"isBestMatch":true},{"id":423834284,"price":"10668.87000000","qty":"0.00762800","quoteQty":"81.38214036","time":1601216025234,"isBuyerMaker":true,"isBestMatch":true},{"id":423834285,"price":"10668.80000000","qty":"0.01649800","quoteQty":"176.01386240","time":1601216025234,"isBuyerMaker":true,"isBestMatch":true},{"id":423834286,"price":"10668.62000000","qty":"0.01649200","quoteQty":"175.94688104","time":1601216025234,"isBuyerMaker":true,"isBestMatch":true},{"id":423834287,"price":"10668.60000000","qty":"0.01645400","quoteQty":"175.54114440","time":1601216025234,"isBuyerMaker":true,"isBestMatch":true},{"id":423834288,"price":"10668.41000000","qty":"0.26749500","quoteQty":"2853.74633295","time":1601216025234,"isBuyerMaker":true,"isBestMatch":true},{"id":423834289,"price":"10668.77000000","qty":"0.01637500","quoteQty":"174.70110875","time":1601216025993,"isBuyerMaker":true,"isBestMatch":true},{"id":423834290,"price":"10668.42000000","qty":"0.00376700","quoteQty":"40.18793814","time":1601216025993,"isBuyerMaker":true,"isBestMatch":true},{"id":423834291,"price":"10668.61000000","qty":"0.01639500","quoteQty":"174.91186095","time":1601216026513,"isBuyerMaker":false,"isBestMatch":true},{"id":423834292,"price":"10668.61000000","qty":"0.03921000","quoteQty":"418.31619810","time":1601216026513,"isBuyerMaker":false,"isBestMatch":true},{"id":423834293,"price":"10668.77000000","qty":"0.02857800","quoteQty":"304.89210906","time":1601216027101,"isBuyerMaker":true,"isBestMatch":true},{"id":423834294,"price":"10668.77000000","qty":"0.00409900","quoteQty":"43.73128823","time":1601216027311,"isBuyerMaker":true,"isBestMatch":true},{"id":423834295,"price":"10668.77000000","qty":"0.05772000","quoteQty":"615.80140440","time":1601216027412,"isBuyerMaker":true,"isBestMatch":true},{"id":423834296,"price":"10668.69000000","qty":"0.01638300","quoteQty":"174.78514827","time":1601216027633,"isBuyerMaker":true,"isBestMatch":true},{"id":423834297,"price":"10668.69000000","qty":"0.00001200","quoteQty":"0.12802428","time":1601216027831,"isBuyerMaker":true,"isBestMatch":true},{"id":423834298,"price":"10668.60000000","qty":"0.00105400","quoteQty":"11.24470440","time":1601216027831,"isBuyerMaker":true,"isBestMatch":true},{"id":423834299,"price":"10668.60000000","qty":"0.01534100","quoteQty":"163.66699260","time":1601216027929,"isBuyerMaker":true,"isBestMatch":true},{"id":423834300,"price":"10668.30000000","qty":"0.01649200","quoteQty":"175.94160360","time":1601216027929,"isBuyerMaker":true,"isBestMatch":true},{"id":423834301,"price":"10668.19000000","qty":"0.01649200","quoteQty":"175.93978948","time":1601216027929,"isBuyerMaker":true,"isBestMatch":true},{"id":423834302,"price":"10667.87000000","qty":"0.01195500","quoteQty":"127.53438585","time":1601216027929,"isBuyerMaker":true,"isBestMatch":true},{"id":423834303,"price":"10667.72000000","qty":"0.01000000","quoteQty":"106.67720000","time":1601216027943,"isBuyerMaker":true,"isBestMatch":true},{"id":423834304,"price":"10667.72000000","qty":"0.00532700","quoteQty":"56.82694444","time":1601216027943,"isBuyerMaker":true,"isBestMatch":true},{"id":423834305,"price":"10668.16000000","qty":"0.01647800","quoteQty":"175.78994048","time":1601216027956,"isBuyerMaker":true,"isBestMatch":true},{"id":423834306,"price":"10667.72000000","qty":"0.06712900","quoteQty":"716.11337588","time":1601216027956,"isBuyerMaker":true,"isBestMatch":true},{"id":423834307,"price":"10667.66000000","qty":"0.01675900","quoteQty":"178.77931394","time":1601216027956,"isBuyerMaker":true,"isBestMatch":true},{"id":423834308,"price":"10667.56000000","qty":"0.01675300","quoteQty":"178.71363268","time":1601216027956,"isBuyerMaker":true,"isBestMatch":true},{"id":423834309,"price":"10667.53000000","qty":"0.10000000","quoteQty":"1066.75300000","time":1601216027956,"isBuyerMaker":true,"isBestMatch":true},{"id":423834310,"price":"10667.47000000","qty":"0.00094600","quoteQty":"10.09142662","time":1601216027956,"isBuyerMaker":true,"isBestMatch":true},{"id":423834311,"price":"10667.46000000","qty":"0.01214800","quoteQty":"129.58830408","time":1601216027956,"isBuyerMaker":true,"isBestMatch":true},{"id":423834312,"price":"10667.05000000","qty":"0.00101600","quoteQty":"10.83772280","time":1601216027956,"isBuyerMaker":true,"isBestMatch":true},{"id":423834313,"price":"10667.00000000","qty":"0.14634100","quoteQty":"1561.01944700","time":1601216027956,"isBuyerMaker":true,"isBestMatch":true},{"id":423834314,"price":"10666.91000000","qty":"0.01680700","quoteQty":"179.27875637","time":1601216027956,"isBuyerMaker":true,"isBestMatch":true},{"id":423834315,"price":"10666.91000000","qty":"0.00562300","quoteQty":"59.98003493","time":1601216027956,"isBuyerMaker":true,"isBestMatch":true},{"id":423834316,"price":"10666.89000000","qty":"0.05531600","quoteQty":"590.04968724","time":1601216028066,"isBuyerMaker":true,"isBestMatch":true},{"id":423834317,"price":"10666.90000000","qty":"0.02423200","quoteQty":"258.48032080","time":1601216028076,"isBuyerMaker":false,"isBestMatch":true},{"id":423834318,"price":"10666.90000000","qty":"0.00500000","quoteQty":"53.33450000","time":1601216028144,"isBuyerMaker":false,"isBestMatch":true},{"id":423834319,"price":"10666.89000000","qty":"0.00109400","quoteQty":"11.66957766","time":1601216028175,"isBuyerMaker":true,"isBestMatch":true},{"id":423834320,"price":"10666.90000000","qty":"0.00500000","quoteQty":"53.33450000","time":1601216028256,"isBuyerMaker":false,"isBestMatch":true},{"id":423834321,"price":"10666.90000000","qty":"0.00922700","quoteQty":"98.42348630","time":1601216028356,"isBuyerMaker":false,"isBestMatch":true},{"id":423834322,"price":"10666.90000000","qty":"0.05109600","quoteQty":"545.03592240","time":1601216028481,"isBuyerMaker":false,"isBestMatch":true},{"id":423834323,"price":"10666.90000000","qty":"0.02015800","quoteQty":"215.02337020","time":1601216028584,"isBuyerMaker":false,"isBestMatch":true},{"id":423834324,"price":"10666.90000000","qty":"0.05494500","quoteQty":"586.09282050","time":1601216028757,"isBuyerMaker":false,"isBestMatch":true},{"id":423834325,"price":"10666.90000000","qty":"0.08705500","quoteQty":"928.60697950","time":1601216028757,"isBuyerMaker":false,"isBestMatch":true},{"id":423834326,"price":"10666.90000000","qty":"0.14400000","quoteQty":"1536.03360000","time":1601216028760,"isBuyerMaker":false,"isBestMatch":true},{"id":423834327,"price":"10666.90000000","qty":"0.15600000","quoteQty":"1664.03640000","time":1601216028784,"isBuyerMaker":false,"isBestMatch":true},{"id":423834328,"price":"10666.90000000","qty":"0.13900000","quoteQty":"1482.69910000","time":1601216028834,"isBuyerMaker":false,"isBestMatch":true},{"id":423834329,"price":"10666.90000000","qty":"0.15300000","quoteQty":"1632.03570000","time":1601216029035,"isBuyerMaker":false,"isBestMatch":true},{"id":423834330,"price":"10666.90000000","qty":"0.04812700","quoteQty":"513.36589630","time":1601216029955,"isBuyerMaker":false,"isBestMatch":true},{"id":423834331,"price":"10666.90000000","qty":"0.00270000","quoteQty":"28.80063000","time":1601216030279,"isBuyerMaker":false,"isBestMatch":true},{"id":423834332,"price":"10666.90000000","qty":"0.00240000","quoteQty":"25.60056000","time":1601216032279,"isBuyerMaker":false,"isBestMatch":true},{"id":423834333,"price":"10666.89000000","qty":"0.00245600","quoteQty":"26.19788184","time":1601216032680,"isBuyerMaker":true,"isBestMatch":true},{"id":423834334,"price":"10666.89000000","qty":"0.00675800","quoteQty":"72.08684262","time":1601216033334,"isBuyerMaker":true,"isBestMatch":true},{"id":423834335,"price":"10666.89000000","qty":"0.01645700","quoteQty":"175.54500873","time":1601216033334,"isBuyerMaker":true,"isBestMatch":true},{"id":423834336,"price":"10666.89000000","qty":"0.08433100","quoteQty":"899.54950059","time":1601216033334,"isBuyerMaker":true,"isBestMatch":true},{"id":423834337,"price":"10666.89000000","qty":"0.02427900","quoteQty":"258.98142231","time":1601216033334,"isBuyerMaker":true,"isBestMatch":true},{"id":423834338,"price":"10666.89000000","qty":"0.02298900","quoteQty":"245.22113421","time":1601216033403,"isBuyerMaker":true,"isBestMatch":true},{"id":423834339,"price":"10666.89000000","qty":"0.00115400","quoteQty":"12.30959106","time":1601216034464,"isBuyerMaker":true,"isBestMatch":true},{"id":423834340,"price":"10666.90000000","qty":"0.00120000","quoteQty":"12.80028000","time":1601216034472,"isBuyerMaker":false,"isBestMatch":true},{"id":423834341,"price":"10666.90000000","qty":"0.28119800","quoteQty":"2999.51094620","time":1601216034703,"isBuyerMaker":false,"isBestMatch":true},{"id":423834342,"price":"10666.90000000","qty":"0.04254500","quoteQty":"453.82326050","time":1601216034861,"isBuyerMaker":false,"isBestMatch":true},{"id":423834343,"price":"10666.90000000","qty":"0.04211100","quoteQty":"449.19382590","time":1601216035062,"isBuyerMaker":false,"isBestMatch":true},{"id":423834344,"price":"10666.90000000","qty":"0.00159500","quoteQty":"17.01370550","time":1601216035086,"isBuyerMaker":false,"isBestMatch":true},{"id":423834345,"price":"10666.89000000","qty":"0.00111800","quoteQty":"11.92558302","time":1601216036038,"isBuyerMaker":true,"isBestMatch":true},{"id":423834346,"price":"10666.89000000","qty":"0.03938200","quoteQty":"420.08346198","time":1601216036327,"isBuyerMaker":true,"isBestMatch":true},{"id":423834347,"price":"10666.89000000","qty":"0.01107800","quoteQty":"118.16780742","time":1601216036888,"isBuyerMaker":true,"isBestMatch":true},{"id":423834348,"price":"10666.89000000","qty":"0.01000000","quoteQty":"106.66890000","time":1601216036888,"isBuyerMaker":true,"isBestMatch":true},{"id":423834349,"price":"10666.89000000","qty":"0.00076000","quoteQty":"8.10683640","time":1601216036888,"isBuyerMaker":true,"isBestMatch":true},{"id":423834350,"price":"10666.89000000","qty":"0.00924000","quoteQty":"98.56206360","time":1601216039668,"isBuyerMaker":true,"isBestMatch":true},{"id":423834351,"price":"10666.89000000","qty":"0.01832700","quoteQty":"195.49209303","time":1601216039668,"isBuyerMaker":true,"isBestMatch":true},{"id":423834352,"price":"10666.89000000","qty":"0.01575300","quoteQty":"168.03551817","time":1601216039769,"isBuyerMaker":true,"isBestMatch":true},{"id":423834353,"price":"10666.89000000","qty":"0.06592000","quoteQty":"703.16138880","time":1601216039881,"isBuyerMaker":true,"isBestMatch":true},{"id":423834354,"price":"10666.89000000","qty":"0.20000000","quoteQty":"2133.37800000","time":1601216039881,"isBuyerMaker":true,"isBestMatch":true},{"id":423834355,"price":"10666.89000000","qty":"0.13408000","quoteQty":"1430.21661120","time":1601216039881,"isBuyerMaker":true,"isBestMatch":true},{"id":423834356,"price":"10666.89000000","qty":"0.05952600","quoteQty":"634.95729414","time":1601216039891,"isBuyerMaker":true,"isBestMatch":true},{"id":423834357,"price":"10666.89000000","qty":"0.00787600","quoteQty":"84.01242564","time":1601216039995,"isBuyerMaker":true,"isBestMatch":true},{"id":423834358,"price":"10666.89000000","qty":"0.03122100","quoteQty":"333.03097269","time":1601216039996,"isBuyerMaker":true,"isBestMatch":true},{"id":423834359,"price":"10666.89000000","qty":"0.01000000","quoteQty":"106.66890000","time":1601216039996,"isBuyerMaker":true,"isBestMatch":true},{"id":423834360,"price":"10666.89000000","qty":"0.16012600","quoteQty":"1708.04642814","time":1601216039996,"isBuyerMaker":true,"isBestMatch":true},{"id":423834361,"price":"10666.89000000","qty":"0.00393800","quoteQty":"42.00621282","time":1601216040096,"isBuyerMaker":true,"isBestMatch":true},{"id":423834362,"price":"10666.79000000","qty":"0.01698600","quoteQty":"181.18609494","time":1601216040766,"isBuyerMaker":true,"isBestMatch":true},{"id":423834363,"price":"10666.78000000","qty":"0.04314500","quoteQty":"460.21822310","time":1601216040766,"isBuyerMaker":true,"isBestMatch":true},{"id":423834364,"price":"10666.78000000","qty":"0.05685500","quoteQty":"606.45977690","time":1601216040911,"isBuyerMaker":true,"isBestMatch":true},{"id":423834365,"price":"10666.55000000","qty":"0.00886200","quoteQty":"94.52696610","time":1601216040926,"isBuyerMaker":true,"isBestMatch":true},{"id":423834366,"price":"10666.49000000","qty":"0.00113000","quoteQty":"12.05313370","time":1601216041017,"isBuyerMaker":false,"isBestMatch":true},{"id":423834367,"price":"10666.48000000","qty":"0.01575300","quoteQty":"168.02905944","time":1601216041048,"isBuyerMaker":true,"isBestMatch":true},{"id":423834368,"price":"10666.49000000","qty":"0.00500000","quoteQty":"53.33245000","time":1601216041116,"isBuyerMaker":false,"isBestMatch":true},{"id":423834369,"price":"10666.48000000","qty":"0.00787700","quoteQty":"84.01986296","time":1601216041152,"isBuyerMaker":true,"isBestMatch":true},{"id":423834370,"price":"10666.49000000","qty":"0.01000000","quoteQty":"106.66490000","time":1601216041222,"isBuyerMaker":false,"isBestMatch":true},{"id":423834371,"price":"10666.48000000","qty":"0.02100500","quoteQty":"224.04941240","time":1601216041620,"isBuyerMaker":true,"isBestMatch":true},{"id":423834372,"price":"10666.48000000","qty":"0.01645700","quoteQty":"175.53826136","time":1601216041620,"isBuyerMaker":true,"isBestMatch":true},{"id":423834373,"price":"10666.47000000","qty":"0.02268400","quoteQty":"241.95820548","time":1601216041620,"isBuyerMaker":true,"isBestMatch":true},{"id":423834374,"price":"10666.47000000","qty":"0.00393800","quoteQty":"42.00455886","time":1601216041659,"isBuyerMaker":true,"isBestMatch":true},{"id":423834375,"price":"10666.48000000","qty":"0.00638300","quoteQty":"68.08414184","time":1601216041927,"isBuyerMaker":false,"isBestMatch":true},{"id":423834376,"price":"10666.48000000","qty":"0.03375400","quoteQty":"360.03636592","time":1601216042090,"isBuyerMaker":false,"isBestMatch":true},{"id":423834377,"price":"10666.47000000","qty":"0.07337800","quoteQty":"782.68423566","time":1601216042166,"isBuyerMaker":true,"isBestMatch":true},{"id":423834378,"price":"10666.46000000","qty":"0.00638300","quoteQty":"68.08401418","time":1601216042166,"isBuyerMaker":true,"isBestMatch":true},{"id":423834379,"price":"10666.44000000","qty":"0.01698700","quoteQty":"181.19081628","time":1601216042166,"isBuyerMaker":true,"isBestMatch":true},{"id":423834380,"price":"10666.44000000","qty":"0.00638300","quoteQty":"68.08388652","time":1601216042166,"isBuyerMaker":true,"isBestMatch":true},{"id":423834381,"price":"10666.14000000","qty":"0.16700000","quoteQty":"1781.24538000","time":1601216042166,"isBuyerMaker":true,"isBestMatch":true},{"id":423834382,"price":"10666.01000000","qty":"0.00959300","quoteQty":"102.31903393","time":1601216042166,"isBuyerMaker":true,"isBestMatch":true},{"id":423834383,"price":"10666.00000000","qty":"0.09213400","quoteQty":"982.70124400","time":1601216042166,"isBuyerMaker":true,"isBestMatch":true},{"id":423834384,"price":"10666.00000000","qty":"0.02688900","quoteQty":"286.79807400","time":1601216042166,"isBuyerMaker":true,"isBestMatch":true},{"id":423834385,"price":"10666.00000000","qty":"0.01150500","quoteQty":"122.71233000","time":1601216042166,"isBuyerMaker":true,"isBestMatch":true},{"id":423834386,"price":"10665.97000000","qty":"0.02454200","quoteQty":"261.76423574","time":1601216042166,"isBuyerMaker":true,"isBestMatch":true},{"id":423834387,"price":"10665.93000000","qty":"0.01659000","quoteQty":"176.94777870","time":1601216042166,"isBuyerMaker":true,"isBestMatch":true},{"id":423834388,"price":"10665.86000000","qty":"0.01000000","quoteQty":"106.65860000","time":1601216042166,"isBuyerMaker":true,"isBestMatch":true},{"id":423834389,"price":"10665.86000000","qty":"0.10000000","quoteQty":"1066.58600000","time":1601216042166,"isBuyerMaker":true,"isBestMatch":true},{"id":423834390,"price":"10665.86000000","qty":"0.04761600","quoteQty":"507.86558976","time":1601216042166,"isBuyerMaker":true,"isBestMatch":true},{"id":423834391,"price":"10665.87000000","qty":"0.02108300","quoteQty":"224.86853721","time":1601216042275,"isBuyerMaker":false,"isBestMatch":true},{"id":423834392,"price":"10665.87000000","qty":"0.01000000","quoteQty":"106.65870000","time":1601216042372,"isBuyerMaker":false,"isBestMatch":true},{"id":423834393,"price":"10665.87000000","qty":"0.00500000","quoteQty":"53.32935000","time":1601216042491,"isBuyerMaker":false,"isBestMatch":true},{"id":423834394,"price":"10665.86000000","qty":"0.06016500","quoteQty":"641.71146690","time":1601216042522,"isBuyerMaker":true,"isBestMatch":true},{"id":423834395,"price":"10665.87000000","qty":"0.00500000","quoteQty":"53.32935000","time":1601216042599,"isBuyerMaker":false,"isBestMatch":true},{"id":423834396,"price":"10665.87000000","qty":"0.00500000","quoteQty":"53.32935000","time":1601216042693,"isBuyerMaker":false,"isBestMatch":true},{"id":423834397,"price":"10665.87000000","qty":"0.00500000","quoteQty":"53.32935000","time":1601216042803,"isBuyerMaker":false,"isBestMatch":true},{"id":423834398,"price":"10665.87000000","qty":"0.00500000","quoteQty":"53.32935000","time":1601216042902,"isBuyerMaker":false,"isBestMatch":true},{"id":423834399,"price":"10665.87000000","qty":"0.00500000","quoteQty":"53.32935000","time":1601216043016,"isBuyerMaker":false,"isBestMatch":true},{"id":423834400,"price":"10665.86000000","qty":"0.00203900","quoteQty":"21.74768854","time":1601216043044,"isBuyerMaker":true,"isBestMatch":true},{"id":423834401,"price":"10665.87000000","qty":"0.00500000","quoteQty":"53.32935000","time":1601216043114,"isBuyerMaker":false,"isBestMatch":true},{"id":423834402,"price":"10665.87000000","qty":"0.00556800","quoteQty":"59.38756416","time":1601216043186,"isBuyerMaker":false,"isBestMatch":true},{"id":423834403,"price":"10665.87000000","qty":"0.00500000","quoteQty":"53.32935000","time":1601216043222,"isBuyerMaker":false,"isBestMatch":true},{"id":423834404,"price":"10665.87000000","qty":"0.00307600","quoteQty":"32.80821612","time":1601216043270,"isBuyerMaker":false,"isBestMatch":true},{"id":423834405,"price":"10665.87000000","qty":"0.00140000","quoteQty":"14.93221800","time":1601216043287,"isBuyerMaker":false,"isBestMatch":true},{"id":423834406,"price":"10665.87000000","qty":"0.00112700","quoteQty":"12.02043549","time":1601216043324,"isBuyerMaker":false,"isBestMatch":true},{"id":423834407,"price":"10665.86000000","qty":"0.06003100","quoteQty":"640.28224166","time":1601216043427,"isBuyerMaker":true,"isBestMatch":true},{"id":423834408,"price":"10665.87000000","qty":"0.00500000","quoteQty":"53.32935000","time":1601216043427,"isBuyerMaker":false,"isBestMatch":true},{"id":423834409,"price":"10665.87000000","qty":"0.00500000","quoteQty":"53.32935000","time":1601216043535,"isBuyerMaker":false,"isBestMatch":true},{"id":423834410,"price":"10665.87000000","qty":"0.00500000","quoteQty":"53.32935000","time":1601216043643,"isBuyerMaker":false,"isBestMatch":true},{"id":423834411,"price":"10665.87000000","qty":"0.00500000","quoteQty":"53.32935000","time":1601216043743,"isBuyerMaker":false,"isBestMatch":true},{"id":423834412,"price":"10665.87000000","qty":"0.10873500","quoteQty":"1159.75337445","time":1601216044170,"isBuyerMaker":false,"isBestMatch":true},{"id":423834413,"price":"10665.87000000","qty":"0.04526500","quoteQty":"482.79060555","time":1601216044170,"isBuyerMaker":false,"isBestMatch":true},{"id":423834414,"price":"10665.87000000","qty":"0.15000000","quoteQty":"1599.88050000","time":1601216044171,"isBuyerMaker":false,"isBestMatch":true},{"id":423834415,"price":"10665.86000000","qty":"0.00106900","quoteQty":"11.40180434","time":1601216044247,"isBuyerMaker":true,"isBestMatch":true},{"id":423834416,"price":"10665.86000000","qty":"0.02908000","quoteQty":"310.16320880","time":1601216044341,"isBuyerMaker":true,"isBestMatch":true},{"id":423834417,"price":"10665.86000000","qty":"0.01667400","quoteQty":"177.84254964","time":1601216044341,"isBuyerMaker":true,"isBestMatch":true},{"id":423834418,"price":"10665.86000000","qty":"0.01000000","quoteQty":"106.65860000","time":1601216044341,"isBuyerMaker":true,"isBestMatch":true},{"id":423834419,"price":"10665.86000000","qty":"0.00432800","quoteQty":"46.16184208","time":1601216044341,"isBuyerMaker":true,"isBestMatch":true},{"id":423834420,"price":"10665.86000000","qty":"0.02320000","quoteQty":"247.44795200","time":1601216044378,"isBuyerMaker":true,"isBestMatch":true},{"id":423834421,"price":"10665.86000000","qty":"0.06002600","quoteQty":"640.22891236","time":1601216045252,"isBuyerMaker":true,"isBestMatch":true},{"id":423834422,"price":"10665.86000000","qty":"0.06087800","quoteQty":"649.31622508","time":1601216046190,"isBuyerMaker":true,"isBestMatch":true},{"id":423834423,"price":"10665.85000000","qty":"0.00137400","quoteQty":"14.65487790","time":1601216046922,"isBuyerMaker":true,"isBestMatch":true},{"id":423834424,"price":"10665.86000000","qty":"0.00204000","quoteQty":"21.75835440","time":1601216047123,"isBuyerMaker":false,"isBestMatch":true},{"id":423834425,"price":"10665.85000000","qty":"0.04670700","quoteQty":"498.16985595","time":1601216047230,"isBuyerMaker":true,"isBestMatch":true},{"id":423834426,"price":"10665.85000000","qty":"0.01841300","quoteQty":"196.39029605","time":1601216047334,"isBuyerMaker":true,"isBestMatch":true},{"id":423834427,"price":"10666.17000000","qty":"0.08932200","quoteQty":"952.72363674","time":1601216048803,"isBuyerMaker":true,"isBestMatch":true},{"id":423834428,"price":"10666.17000000","qty":"0.14626200","quoteQty":"1560.05535654","time":1601216048803,"isBuyerMaker":true,"isBestMatch":true},{"id":423834429,"price":"10666.18000000","qty":"0.01667400","quoteQty":"177.84788532","time":1601216049002,"isBuyerMaker":false,"isBestMatch":true},{"id":423834430,"price":"10666.18000000","qty":"0.01669500","quoteQty":"178.07187510","time":1601216049002,"isBuyerMaker":false,"isBestMatch":true},{"id":423834431,"price":"10666.18000000","qty":"0.00303100","quoteQty":"32.32919158","time":1601216049002,"isBuyerMaker":false,"isBestMatch":true},{"id":423834432,"price":"10666.19000000","qty":"0.01500000","quoteQty":"159.99285000","time":1601216049002,"isBuyerMaker":false,"isBestMatch":true},{"id":423834433,"price":"10666.39000000","qty":"0.00805200","quoteQty":"85.88577228","time":1601216049002,"isBuyerMaker":false,"isBestMatch":true},{"id":423834434,"price":"10666.48000000","qty":"0.65935000","quoteQty":"7032.94358800","time":1601216049002,"isBuyerMaker":false,"isBestMatch":true},{"id":423834435,"price":"10666.32000000","qty":"0.01677900","quoteQty":"178.97018328","time":1601216050577,"isBuyerMaker":true,"isBestMatch":true},{"id":423834436,"price":"10666.32000000","qty":"0.01016600","quoteQty":"108.43380912","time":1601216050577,"isBuyerMaker":true,"isBestMatch":true},{"id":423834437,"price":"10666.33000000","qty":"0.01677900","quoteQty":"178.97035107","time":1601216050683,"isBuyerMaker":false,"isBestMatch":true},{"id":423834438,"price":"10666.33000000","qty":"0.03603900","quoteQty":"384.40386687","time":1601216050683,"isBuyerMaker":false,"isBestMatch":true},{"id":423834439,"price":"10666.32000000","qty":"0.00134700","quoteQty":"14.36753304","time":1601216050691,"isBuyerMaker":true,"isBestMatch":true},{"id":423834440,"price":"10666.33000000","qty":"0.04036200","quoteQty":"430.51441146","time":1601216050768,"isBuyerMaker":false,"isBestMatch":true},{"id":423834441,"price":"10666.02000000","qty":"0.08932200","quoteQty":"952.71023844","time":1601216050820,"isBuyerMaker":true,"isBestMatch":true},{"id":423834442,"price":"10666.18000000","qty":"0.01677900","quoteQty":"178.96783422","time":1601216051075,"isBuyerMaker":false,"isBestMatch":true},{"id":423834443,"price":"10666.18000000","qty":"0.02131300","quoteQty":"227.32829434","time":1601216051075,"isBuyerMaker":false,"isBestMatch":true},{"id":423834444,"price":"10666.17000000","qty":"0.01674700","quoteQty":"178.62634899","time":1601216051301,"isBuyerMaker":true,"isBestMatch":true},{"id":423834445,"price":"10666.17000000","qty":"0.00003200","quoteQty":"0.34131744","time":1601216051415,"isBuyerMaker":true,"isBestMatch":true},{"id":423834446,"price":"10666.01000000","qty":"0.01669500","quoteQty":"178.06903695","time":1601216051415,"isBuyerMaker":true,"isBestMatch":true},{"id":423834447,"price":"10665.79000000","qty":"0.00234400","quoteQty":"25.00061176","time":1601216051415,"isBuyerMaker":true,"isBestMatch":true},{"id":423834448,"price":"10665.72000000","qty":"0.01000000","quoteQty":"106.65720000","time":1601216051415,"isBuyerMaker":true,"isBestMatch":true},{"id":423834449,"price":"10665.30000000","qty":"0.09832900","quoteQty":"1048.70828370","time":1601216051415,"isBuyerMaker":true,"isBestMatch":true},{"id":423834450,"price":"10665.75000000","qty":"0.00102500","quoteQty":"10.93239375","time":1601216051647,"isBuyerMaker":false,"isBestMatch":true},{"id":423834451,"price":"10665.74000000","qty":"0.00111000","quoteQty":"11.83897140","time":1601216052447,"isBuyerMaker":true,"isBestMatch":true},{"id":423834452,"price":"10665.74000000","qty":"0.01562700","quoteQty":"166.67351898","time":1601216052805,"isBuyerMaker":true,"isBestMatch":true},{"id":423834453,"price":"10665.74000000","qty":"0.13914700","quoteQty":"1484.10572378","time":1601216052805,"isBuyerMaker":true,"isBestMatch":true},{"id":423834454,"price":"10665.75000000","qty":"0.00981900","quoteQty":"104.72699925","time":1601216053480,"isBuyerMaker":false,"isBestMatch":true},{"id":423834455,"price":"10665.74000000","qty":"0.00698900","quoteQty":"74.54285686","time":1601216053914,"isBuyerMaker":true,"isBestMatch":true},{"id":423834456,"price":"10665.74000000","qty":"0.00853100","quoteQty":"90.98942794","time":1601216054011,"isBuyerMaker":true,"isBestMatch":true},{"id":423834457,"price":"10665.75000000","qty":"0.00589300","quoteQty":"62.85326475","time":1601216054477,"isBuyerMaker":false,"isBestMatch":true},{"id":423834458,"price":"10666.03000000","qty":"0.05759700","quoteQty":"614.33132991","time":1601216054548,"isBuyerMaker":true,"isBestMatch":true},{"id":423834459,"price":"10666.03000000","qty":"0.07601900","quoteQty":"810.82093457","time":1601216054548,"isBuyerMaker":true,"isBestMatch":true},{"id":423834460,"price":"10666.04000000","qty":"0.01166800","quoteQty":"124.45135472","time":1601216054555,"isBuyerMaker":false,"isBestMatch":true},{"id":423834461,"price":"10666.04000000","qty":"0.00506900","quoteQty":"54.06615676","time":1601216054562,"isBuyerMaker":false,"isBestMatch":true},{"id":423834462,"price":"10666.05000000","qty":"0.00671200","quoteQty":"71.59052760","time":1601216054562,"isBuyerMaker":false,"isBestMatch":true},{"id":423834463,"price":"10666.18000000","qty":"0.00495600","quoteQty":"52.86158808","time":1601216054562,"isBuyerMaker":false,"isBestMatch":true},{"id":423834464,"price":"10666.18000000","qty":"0.00915900","quoteQty":"97.69154262","time":1601216054577,"isBuyerMaker":false,"isBestMatch":true},{"id":423834465,"price":"10666.18000000","qty":"0.01882800","quoteQty":"200.82283704","time":1601216054621,"isBuyerMaker":false,"isBestMatch":true},{"id":423834466,"price":"10666.17000000","qty":"0.02403300","quoteQty":"256.34006361","time":1601216055087,"isBuyerMaker":true,"isBestMatch":true},{"id":423834467,"price":"10666.17000000","qty":"0.08425000","quoteQty":"898.62482250","time":1601216055087,"isBuyerMaker":true,"isBestMatch":true},{"id":423834468,"price":"10666.17000000","qty":"0.00808700","quoteQty":"86.25731679","time":1601216055180,"isBuyerMaker":true,"isBestMatch":true},{"id":423834469,"price":"10666.18000000","qty":"0.01783500","quoteQty":"190.23132030","time":1601216055190,"isBuyerMaker":false,"isBestMatch":true},{"id":423834470,"price":"10666.18000000","qty":"0.00664000","quoteQty":"70.82343520","time":1601216055206,"isBuyerMaker":false,"isBestMatch":true},{"id":423834471,"price":"10666.17000000","qty":"0.02802200","quoteQty":"298.88741574","time":1601216055815,"isBuyerMaker":true,"isBestMatch":true},{"id":423834472,"price":"10666.17000000","qty":"0.10399900","quoteQty":"1109.27101383","time":1601216056001,"isBuyerMaker":true,"isBestMatch":true},{"id":423834473,"price":"10666.17000000","qty":"0.02802200","quoteQty":"298.88741574","time":1601216056244,"isBuyerMaker":true,"isBestMatch":true},{"id":423834474,"price":"10666.17000000","qty":"0.00109300","quoteQty":"11.65812381","time":1601216056654,"isBuyerMaker":true,"isBestMatch":true},{"id":423834475,"price":"10666.18000000","qty":"1.29626700","quoteQty":"13826.21715006","time":1601216056676,"isBuyerMaker":false,"isBestMatch":true},{"id":423834476,"price":"10666.18000000","qty":"0.08932200","quoteQty":"952.72452996","time":1601216056687,"isBuyerMaker":false,"isBestMatch":true},{"id":423834477,"price":"10666.17000000","qty":"0.00327900","quoteQty":"34.97437143","time":1601216056771,"isBuyerMaker":true,"isBestMatch":true},{"id":423834478,"price":"10666.17000000","qty":"0.00109300","quoteQty":"11.65812381","time":1601216056881,"isBuyerMaker":true,"isBestMatch":true},{"id":423834479,"price":"10666.17000000","qty":"0.05082000","quoteQty":"542.05475940","time":1601216057420,"isBuyerMaker":true,"isBestMatch":true},{"id":423834480,"price":"10666.17000000","qty":"0.05273300","quoteQty":"562.45914261","time":1601216057510,"isBuyerMaker":true,"isBestMatch":true},{"id":423834481,"price":"10666.17000000","qty":"0.01202200","quoteQty":"128.22869574","time":1601216057607,"isBuyerMaker":true,"isBestMatch":true},{"id":423834482,"price":"10666.17000000","qty":"0.54293100","quoteQty":"5790.99434427","time":1601216057716,"isBuyerMaker":true,"isBestMatch":true},{"id":423834483,"price":"10666.17000000","qty":"0.05382600","quoteQty":"574.11726642","time":1601216057821,"isBuyerMaker":true,"isBestMatch":true},{"id":423834484,"price":"10666.17000000","qty":"0.05464600","quoteQty":"582.86352582","time":1601216057927,"isBuyerMaker":true,"isBestMatch":true},{"id":423834485,"price":"10666.17000000","qty":"0.04508300","quoteQty":"480.86294211","time":1601216058028,"isBuyerMaker":true,"isBestMatch":true},{"id":423834486,"price":"10666.17000000","qty":"0.40000000","quoteQty":"4266.46800000","time":1601216058204,"isBuyerMaker":true,"isBestMatch":true},{"id":423834487,"price":"10666.17000000","qty":"0.02185800","quoteQty":"233.14114386","time":1601216058237,"isBuyerMaker":true,"isBestMatch":true},{"id":423834488,"price":"10666.17000000","qty":"0.00113800","quoteQty":"12.13810146","time":1601216058749,"isBuyerMaker":true,"isBestMatch":true},{"id":423834489,"price":"10666.17000000","qty":"0.00373500","quoteQty":"39.83814495","time":1601216059138,"isBuyerMaker":true,"isBestMatch":true},{"id":423834490,"price":"10666.18000000","qty":"0.01676500","quoteQty":"178.81850770","time":1601216059148,"isBuyerMaker":false,"isBestMatch":true},{"id":423834491,"price":"10666.18000000","qty":"0.01286000","quoteQty":"137.16707480","time":1601216059148,"isBuyerMaker":false,"isBestMatch":true},{"id":423834492,"price":"10666.17000000","qty":"0.01015300","quoteQty":"108.29362401","time":1601216059317,"isBuyerMaker":true,"isBestMatch":true},{"id":423834493,"price":"10666.17000000","qty":"0.00231700","quoteQty":"24.71351589","time":1601216059577,"isBuyerMaker":true,"isBestMatch":true},{"id":423834494,"price":"10666.18000000","qty":"0.00468000","quoteQty":"49.91772240","time":1601216059817,"isBuyerMaker":false,"isBestMatch":true}